1992 2962
152 137 202 188 222
262 169 267 185 r
429 139 457 184 (i.
482 133 670 186 SUETONH

150 261 217 324 tuit,
239 261 305 326 quin
316 273 349 310 ex
359 257 504 310 intervallo
516 259 631 310 subinde
641 257 710 309 iacti
718 258 955 325 reminisceretur,

153 333 356 401 cachinnosque
372 338 523 385 revocaret.
562 333 593 383 ln
604 327 771 401 'principatu
790 347 904 400 quoquc
925 341 956 386 et

152 409 263 474 scripsit
272 407 431 476 plurimum,
453 413 480 458 et
491 407 601 458 assidue
610 407 738 458 recitarit
747 421 796 472 per
805 407 953 461 lectorem.

151 481 263 534 initium
273 489 364 533 autem
375 481 492 546 sumpsit
505 479 639 532 historiae
649 487 714 547 post
724 480 835 532 caedem
847 482 953 534 Caesa-

151 557 191 608 ris
202 556 355 609 dictatoris.
394 554 486 606 Sedet
498 555 610 606 mansiit
620 554 655 606 ad
667 553 801 606 inferiora
810 561 952 624 tempora,

55 657 57 662 ·
153 630 297 697 coepitque
308 630 403 696 space
414 629 501 693 cirili,
522 644 605 696 quum
615 631 740 692 sentiret,
761 645 850 696 neque
859 630 952 690 libere

151 719 312 773 sequerere
326 704 381 755 sihi
394 703 430 754 ds
444 703 633 769 superioribus
643 703 772 754 tradendi
780 708 952 771 potestatem

151 778 285 841 relictam,
292 782 434 842 correptus
444 792 527 844 saepe
537 782 565 829 et
574 790 591 828 a
601 783 688 828 maire
699 782 726 828 et
736 778 771 828 ab
783 779 855 828 avia.
867 777 957 849 Prie-¹

151 853 191 904 ris
200 852 332 903 materiae
342 851 397 902 duo
408 851 562 915 volumina,
573 851 736 919 posterioris
746 865 830 902 unum
841 858 869 904 et
880 867 949 921 qua-

151 926 280 993 draginta
288 925 409 992 reliquit.
449 925 612 994 Composuit
621 931 649 977 et
659 926 689 976 de
699 925 754 977 cita
764 933 948 980 srteoctovo·

151 1001 263 1062 lucrina,
274 1000 362 1066 magis
372 1000 463 1066 inepte
474 1015 557 1068 quam
566 999 749 1067 inelegantem
762 1001 827 1052 item
840 998 947 1054 Cicero·

150 1074 192 1127 rtis
201 1073 376 1145 defensionem
386 1074 508 1125 adversus
518 1073 607 1126 Asinii
617 1073 689 1126 octa
697 1073 789 1136 diros,
804 1075 875 1126 satis
886 1092 946 1128 eru-

151 1149 246 1200 ditam.
285 1147 379 1202 Novas
390 1149 474 1203 etism
485 1154 653 1200 commentus
664 1154 706 1200 est
714 1148 809 1200 literas
819 1154 899 1213 tres,
913 1166 947 1202 ac

150 1238 263 1274 numero
273 1229 403 1286 veterum,
415 1223 622 1291 quasimaxime
632 1224 810 1287 necessarias,
823 1223 946 1276 addidit:

151 1297 188 1349 de
206 1311 320 1364 quarum
340 1297 448 1349 cutione
468 1312 551 1366 quum
571 1298 694 1365 privatus
715 1295 804 1348 adhuc
817 1298 948 1351 volumen

151 1370 291 1435 edidisset,
303 1386 367 1422 mox
376 1373 504 1439 princeps
514 1372 726 1426 nondifficulter
737 1372 865 1435 obtinuit,
876 1379 909 1426 ut
918 1375 948 1426 in

151 1459 203 1496 usu
214 1459 323 1513 quaque
332 1447 490 1511 promiscuo
502 1451 600 1498 essent.
624 1445 723 1498 Exstat
732 1446 797 1497 talis
807 1447 947 1514 scriptura

151 1518 181 1570 in
191 1517 330 1585 plerisque
342 1520 424 1570 libris
432 1535 465 1572 ac
475 1520 589 1584 diurnis,
601 1519 744 1588 titulisque
756 1535 878 1586 operum.

206 1591 293 1642 XLll.
313 1592 371 1644 Nee
389 1595 496 1646 minore
515 1609 581 1644 eura
595 1593 704 1646 Gnaeca·
721 1595 814 1646 studia
833 1601 945 1648 secutus

151 1674 205 1728 est,
237 1681 357 1718 amorem
386 1669 637 1736 praestantiamque
661 1668 771 1736 lingerae
796 1671 944 1723 occasione
985 1695 986 1698 ¹

48 1801 50 1808 Ι
152 1739 227 1791 omni
236 1739 386 1804 professus.
427 1741 687 1807 Giddambarbsro,
707 1758 804 1811 graece
819 1748 847 1794 et
856 1743 952 1812 latine¹

150 1814 307 1874 disserenti,
325 1813 412 1878 Quum
422 1823 549 1882 utroque,
561 1817 663 1884 inquit,
683 1833 799 1869 sermone
808 1825 897 1870 metro
908 1813 954 1886 sis,

146 1896 268 1956 perotus.
307 1886 343 1940 Et
356 1889 385 1942 in
401 1889 617 1942 commendanda
634 1892 760 1959 patribus
780 1893 942 1960 conscriptis

150 1961 267 2028 Achaia,
276 1969 385 2031 gratem
395 1962 626 2031 sibiprocs'ucr'am,
639 1967 692 2030 ait,
704 1965 877 2018 commercium
887 1977 941 2018 stu·

151 2037 253 2088 diorum
263 2036 425 2090 cornmercc'o.
464 2039 502 2088 Ac
516 2055 598 2106 saepe
612 2039 642 2090 in
657 2047 754 2091 senatu
769 2041 867 2108 legatis
882 2056 942 2107 per-

151 2115 234 2177 petua
249 2112 375 2163 oratione
390 2113 541 2178 respondit.
579 2113 697 2164 Multum
711 2129 776 2166 vero
792 2130 843 2182 pro
856 2116 942 2167 tribu-

113 2253 115 2257 Α
152 2185 211 2236 nali
220 2186 304 2238 etiam
313 2185 470 2237 Homericis
480 2186 590 2238 locutus
600 2194 642 2238 est
654 2189 806 2240 versibus«
828 2188 942 2251 Quoties
985 2221 986 2228 κ

150 2257 261 2324 quidem
271 2257 378 2312 hostem
388 2260 433 2312 vel
441 2258 633 2313 insidiatorem
642 2261 817 2326 ultueesset,
833 2264 942 2316 excubi-

124 2373 128 2383 Ι
148 2332 205 2382 tori
214 2333 340 2398 tribuno,
361 2334 469 2401 signum
479 2334 513 2385 de
527 2349 603 2388 more
613 2337 761 2402 poscenti,¹
771 2352 827 2390 non
841 2342 941 2390 temere

148 2404 224 2454 aliud
236 2404 319 2470 dedit,
330 2423 412 2474 qrram

179 2472 264 2541 ”21on'
276 2475 474 2538 ἐπαμύνασθαι,
483 2475 526 2530 ὅτε
534 2479 711 2550 strumum
718 2482 875 2551 χαλεπαίνῃ.
917 2475 918 2478 “

111 2595 115 2606 ζ
148 2549 273 2614 Denique
284 2557 314 2602 et
322 2553 444 2607 Graecas
453 2552 568 2623 scripsit*
577 2556 717 2622 historias,
730 2556 893 2626 Τυρῥηνικῶν
901 2562 939 2612 vi-

148 2623 226 2686 rinti,
237 2621 440 2690 Καρχηδονικῶν
451 2635 523 2682 octo.
536 2653 538 2656 ·
559 2630 680 2693 Quantus
692 2635 775 2684 causa
785 2633 871 2685 veteri
880 2633 942 2688 Ale·
