1986 2960
293 157 479 228 elensius.
515 159 729 210 cunm-os.
858 157 909 212 149

113 291 181 331 rore
192 278 308 342 detecto,
319 285 346 330 et
357 279 456 344 occidi,
467 295 500 330 ne
511 279 664 347 divulgaret
673 273 812 334 iniuriam.
842 283 908 334 Car·

114 353 245 420 niiiciuqe
255 354 313 411 eius
325 353 478 404 ostenditur
488 354 565 406 loeus
577 355 703 421 Capreis,
713 355 786 406 unde
796 355 907 407 damna·

85 418 92 470 i
113 432 160 478 tos
170 431 233 493 post
243 425 326 494 longa
336 433 364 477 et
377 427 514 494 exquisita
527 432 664 478 tormenta
673 428 851 495 praecipitari
861 443 906 482 eo·

113 513 175 550 ram
190 514 219 550 se
236 500 266 550 in
285 515 361 552 mare
379 501 504 562 iubebat3
528 501 680 567 excipiente
700 500 906 554 classiariorum

111 587 206 636 manu,
218 579 244 624 et
255 575 344 624 contis
354 578 436 642 atque
446 575 528 625 remis
539 574 656 626 elidente
667 575 809 638 cadevera,
816 591 850 626 ne
861 577 907 629 oui

113 646 220 698 residui
239 647 352 714 spiritam
371 647 517 715 quiequam
540 647 650 701 inesset.
692 647 907 714 Excogitaverat

114 726 207 771 autem
220 720 292 772 inter
306 735 406 787 genera
421 721 559 772 eruciatus
574 722 669 786 etiam,
689 727 721 772 ut
740 723 818 788 larga
837 723 906 773 meri

113 793 227 860 potione
237 809 286 860 per
295 793 436 845 fallaciam
447 800 590 859 oneratos,
610 801 721 862 repente
735 795 849 846 ueretris
860 794 904 846 de·

112 865 394 933 ligatis,fidieuiamun
402 869 488 919 simui
495 870 647 936 urinaeque
655 874 791 922 tormento
803 868 904 920 disten·

114 939 198 991 deret.
228 940 365 1001 Quodnisi
375 957 435 993 eum
446 948 473 993 et
482 956 557 994 mors
567 941 764 1008 praevenisset,
780 947 807 993 et
817 939 903 992 Thra·
969 937 970 940 ’

112 1013 201 1080 syllas
212 1013 351 1078 consulto,
371 1020 402 1065 ut
412 1016 500 1078 aiunt,
517 1014 628 1067 differre
642 1016 776 1083 quaedam
787 1030 834 1082 spe
845 1015 904 1066 lon·

111 1087 200 1154 gioria
209 1088 283 1139 vitae
294 1089 482 1155 compulissem
494 1089 586 1154 plures
597 1088 739 1156 eliquanto
748 1094 904 1151 necaturus,
949 1085 954 1102 ²

12 1201 19 1223 ,
112 1174 146 1211 aa
160 1176 193 1212 ne
207 1161 320 1228 reliquis
336 1161 444 1228 quidem
459 1163 606 1229 nepotibus
619 1177 751 1231 parsurus
770 1161 904 1224 traditan

2 1230 9 1238 ’
112 1249 196 1301 quum
207 1241 234 1284 et
243 1235 339 1285 Caium
352 1242 506 1301 suspectum
521 1233 647 1299 haberet,
668 1241 696 1287 et
704 1235 858 1298 Tiberium,
872 1241 905 1286 ut

112 1317 146 1358 ex
157 1307 293 1365 adulterio
305 1315 478 1375 conceptum,
500 1313 700 1374 aspernaretur.
738 1307 904 1360 Necabhor·

112 1387 155 1432 ret
169 1396 187 1432 a
200 1396 278 1434 vero:
298 1397 416 1448 namque
430 1382 578 1433 identidem
585 1379 695 1454 sedeam
706 1379 843 1434 Priamum
856 1395 904 1434 ro·

113 1455 207 1518 minat,
219 1455 289 1520 qaod
296 1465 425 1522 superstes
436 1453 550 1506 omnium
560 1468 665 1508 suorum
676 1455 824 1508 astitisset.

167 1527 266 1580 LXili.
288 1529 377 1591 Quam
391 1545 455 1580 vero
471 1529 543 1580 inter
556 1526 624 1581 haec
637 1544 693 1581 non
707 1529 789 1582 modo
799 1530 904 1582 invisses

112 1613 146 1652 se
156 1601 339 1667 detestabilis,
351 1602 398 1654 sed
409 1602 599 1671 praetrepidus
610 1618 718 1672 quoqne
729 1611 815 1671 atque·
820 1604 903 1655 etiam

112 1675 286 1727 contumeliis
307 1677 444 1729 obnoxius
462 1678 577 1742 vixerit,
602 1677 689 1729 multe
706 1678 811 1728 iudieia
831 1682 902 1728 sunt.

111 1747 280 1818 Haruspices
295 1757 400 1802 secreto
417 1765 450 1802 ee
468 1752 527 1803 sine
545 1753 662 1804 testibus
682 1749 790 1804 consuli
808 1751 903 1802 vetant.

111 1819 213 1874 Vicina
222 1838 287 1876 vero
293 1825 362 1876 Urbi
373 1825 487 1876 oracula
497 1827 581 1878 etiam
591 1826 718 1878 disiieere'
730 1829 903 1876 ronanmestr

112 1897 160 1948 sed
170 1897 314 1950 maiestate
325 1898 563 1950 Praenestinarum
574 1900 689 1951 sortium
699 1898 810 1950 territis
821 1897 903 1948 desti·

111 1971 159 2033 tit;
181 1987 263 2038 quum
275 1972 435 2040 obsignatas
447 1973 626 2041 desertasque
636 1971 751 2024 Romam
761 1985 817 2021 non
826 1985 903 2037 repe·

112 2045 194 2096 risset
203 2046 232 2095 iu
244 2061 317 2109 area,
328 2047 383 2096 uisi
393 2045 482 2097 relata
491 2063 585 2097 nuens
596 2045 632 2097 ad
641 2044 781 2113 templum.
814 2041 904 2096 Unum
991 2099 992 2110 γ

112 2124 139 2170 et
150 2117 266 2170 aiterum
276 2119 447 2184 consulares,
464 2120 565 2172 oblatis
575 2117 739 2187 provinciis,
754 2131 809 2168 uon
821 2131 904 2168 ausas
927 2163 929 2168 ,
991 2143 992 2154 κ

87 2217 89 2220 -
111 2203 168 2243 ase
180 2191 330 2256 dimittere,
345 2208 431 2260 usque
442 2209 474 2246 eo
487 2193 615 2257 detinuit,
636 2193 723 2244 donee
733 2201 904 2241 suceessores
991 2197 992 2214 ¹

109 2271 176 2332 post
187 2265 295 2333 aliquot
305 2281 391 2319 annos
401 2267 591 2334 praesentibus
596 2266 686 2325 dareta
698 2279 780 2334 quum
785 2263 903 2326 interim,
991 2271 992 2274 ’

111 2346 237 2392 manente
248 2340 438 2405 officiititqu,
460 2342 542 2393 missu
556 2340 695 2406 delegaret
708 2339 826 2407 piurima
837 2337 904 2388 assi·

111 2412 229 2482 deeque,
251 2430 321 2483 qnae
334 2415 379 2466 iiii
387 2431 437 2483 per
446 2415 553 2482 legatos
564 2419 591 2465 et
602 2412 741 2466 adiutores
752 2428 818 2465 suos
828 2425 904 2463 exse·

109 2487 219 2553 quenda
231 2495 366 2540 curarent.

114 2611 116 2614 .
166 2559 266 2612 Lxlv.
286 2561 391 2613 Nurum
406 2577 438 2614 ac
452 2568 566 2628 nepotes
583 2575 722 2630 nunquam
741 2561 823 2612 aliter
840 2562 905 2626 post

112 2631 336 2702 damnationem,
350 2653 433 2707 quam
453 2641 606 2703 catenatos,
628 2637 780 2706 obsutaque
794 2632 902 2694 lectica,
