1986 2960
134 131 166 184 oa
371 143 374 148 ·
411 132 437 178 o.
461 87 690 180 snuromr,¹

134 259 211 319 sime,
222 255 295 307 senis
302 251 463 320 praebebat,
473 257 505 303 ut
513 266 568 303 non
578 250 663 301 nimio
675 254 791 317 sumptu,
799 249 840 299 ita
850 263 922 300 snm·

132 345 178 382 ma
192 329 330 380 comitate.
368 325 439 377 Nam
454 325 531 376 etad
551 323 768 375 communionem
787 323 922 374 sermonis

131 407 252 455 tacentes
271 401 315 453 vel
334 399 498 451 summissim
517 396 672 448 fabulantes
691 397 873 464 provocabat,
894 401 925 448 et

132 483 181 542 aut
199 479 358 528 acroamata
371 478 399 524 et
411 470 571 534 histriones,
593 476 641 521 aut
654 471 736 521 etiam
749 470 873 521 triuiales
887 483 922 521 ex

133 549 213 601 Circo
224 532 315 610 lrsss
325 546 524 612 interponebat,
531 559 564 594 ac
573 542 742 612 frequentius
753 543 920 610 aretalogos.

187 621 301 673 LXXV.¹
322 620 419 671 Festos
443 624 471 669 et
493 617 618 669 solennes
633 617 702 668 v(lies
720 617 919 684 profusissime,

131 701 325 762 nonnunquam
334 691 495 743 ioculariter
504 696 619 754 tantum,
631 691 795 742 celebrabat.
826 690 920 743 Sann-

130 770 253 831 nalibus,
273 767 335 818 etsi
345 765 455 832 quando
467 765 537 816 alias
549 764 688 828 libuisset,
708 765 793 816 modo
806 779 921 816 mamere

131 842 280 903 dividebat,
290 844 392 891 vestem
402 844 431 889 et
440 853 537 889 aurum
547 843 574 889 et
584 843 736 904 argentum,
747 838 830 890 modo
842 853 920 888 narm-

129 911 920 977 mosomnisnotae,etiamveteresregicsacperegrinos3
982 913 983 918 ’

129 987 265 1040 interdum
276 985 344 1038 nihil
353 991 463 1052 praeter
472 984 564 1037 dlicia
574 989 601 1036 et
611 983 754 1050 spongias,
769 989 796 1034 et
804 986 920 1036 rutabu-
933 1019 935 1025 ,

129 1063 166 1127 la,
178 1069 205 1114 et
213 1060 343 1130 forpices,
354 1063 436 1127 atque
447 1058 506 1109 alia
511 1057 541 1108 id
551 1072 646 1124 genus,
654 1055 744 1108 titulis
755 1059 880 1109 obscuris
892 1066 922 1111 et

130 1136 275 1203 ambiguis.
306 1133 455 1186 Solebatet
463 1130 748 1200 inaequalissimarum
758 1145 847 1182 rerum
858 1147 919 1184 sor-

129 1216 180 1275 tes,
191 1216 219 1262 ct
228 1223 338 1262 aversas
347 1206 503 1259 tabularum
516 1206 638 1272 pictruas
648 1205 677 1255 in
688 1206 813 1257 convivio
823 1205 920 1257 vendi-

26 1301 32 1312 *
128 1290 198 1347 tare,
208 1285 367 1350 incertoque
378 1296 444 1332 casu
458 1295 533 1348 spem
546 1279 723 1331 mercantium
737 1279 781 1331 vel
789 1279 922 1332 frustrari

129 1357 174 1408 vel
184 1357 305 1423 explere3
324 1357 365 1407 ita
374 1361 406 1406 ut
414 1369 463 1423 per
473 1354 597 1421 singulos
607 1353 694 1405 lectos
703 1353 821 1405 licitatio
832 1353 920 1418 fleret,

130 1435 158 1482 et
167 1445 216 1481 seu
224 1431 332 1480 iactura
342 1445 391 1480 seu
400 1428 506 1480 lucrum
517 1429 769 1480 communicaretur.

185 1502 310 1554 Lxxvi.
323 1503 385 1553 cibi
396 1505 471 1566 (nam
480 1518 514 1553 ne
524 1500 577 1554 hoe
587 1502 695 1568 quidem
707 1501 857 1566 omiserim)
867 1503 920 1554 mi-

129 1574 574 1643 nimierat,atquevulgarisfere.
604 1574 919 1643 Secundariumpanem,

130 1658 158 1704 et
167 1649 315 1718 pisciculos
325 1649 488 1710 minutos,et
497 1661 606 1699 casaturi
616 1649 747 1702 bubulum
757 1664 919 1718 manupres-

130 1739 203 1787 sum,
219 1729 246 1774 et
255 1723 322 1774 ficos
331 1721 433 1773 virides
443 1719 549 1772 biferas
559 1723 679 1774 maxime
693 1723 849 1792 appetebat:
873 1739 920 1776 ve-

131 1798 310 1864 scebaturque
329 1800 438 1855 etanta
453 1809 565 1846 coenam
580 1811 742 1866 quocunque
754 1804 877 1865 ternpore
892 1804 922 1850 et

130 1871 203 1934 loco,
215 1886 269 1939 quo
281 1867 437 1920 stomachus
447 1869 637 1922 desiderasset.
675 1871 769 1923 Verba
781 1872 869 1940 ipsius
885 1887 921 1924 ox

131 1945 258 2014 epistolis
275 1948 349 1995 sunt=
374 1941 428 1994 Noe
441 1942 470 1995 fn
484 1944 569 1996 essedo
580 1960 677 2011 paam
690 1953 717 1997 et
725 1947 855 2012 palmulas
866 1961 920 2014 gu-

131 2019 263 2072 staaimus.
302 2017 338 2068 Et
350 2017 465 2068 iterum:
490 2017 563 2069 Dum
577 2018 669 2070 lectica
683 2035 715 2071 en
728 2019 806 2089 regio
815 2019 923 2072 domum

131 2094 220 2156 redeo,
231 2091 311 2161 penis
324 2091 601 2158 eademnam-punam
609 2091 693 2144 acinis
702 2108 767 2144 unae
777 2092 924 2146 aurodona

73 2221 78 2236 ⁸
131 2167 238 2218 comedi.
276 2166 313 2217 Et
322 2169 428 2216 cursans:
453 2164 494 2216 Ne
507 2164 620 2216 ludaeos
634 2165 748 2232 quidem,
768 2167 808 2218 mi
819 2165 922 2231 Rem,

132 2249 187 2292 tam
197 2239 337 2308 diligenter
347 2237 461 2290 sabbatis
470 2237 596 2290 munium
606 2249 704 2303 servat,
725 2256 804 2308 quam
813 2257 862 2310 ego
874 2240 923 2294 lao-

95 2371 96 2374 Ἴ
114 2312 174 2388 ,dis
187 2313 298 2375 servaei,
319 2312 366 2378 qui
377 2312 406 2364 io
421 2312 510 2363 idaeo
524 2312 625 2364 demum
634 2323 698 2381 port
706 2313 797 2366 bermo
803 2315 924 2382 primam

130 2385 215 2438 noctis
225 2387 290 2437 dnus
300 2386 407 2438 bucceas
416 2385 583 2449 manducanai,
599 2389 677 2455 prius
691 2405 769 2456 qaum
777 2390 846 2458 ungi
854 2389 923 2442 inci·

126 2475 224 2527 perena.
262 2459 305 2510 lix
319 2458 375 2510 hac
386 2460 561 2511 observantia
577 2453 772 2532 nonnunquam
791 2463 838 2515 vel
856 2470 923 2516 ante

129 2535 227 2586 initum
241 2533 286 2584 vel
298 2539 362 2601 post
376 2532 518 2584 dimissum
534 2537 687 2588 convivium
702 2537 778 2588 solus
799 2538 922 2591 coenita-

129 2607 186 2672 bet,
198 2621 280 2676 quum
291 2606 372 2674 pleno
384 2607 511 2659 convivio
522 2607 591 2660 nihil
599 2615 730 2678 tangeret.
