1986 2960
135 105 229 157 138·
355 162 357 168 ,
414 103 654 163 esunrouu

70 271 74 282 ,
135 227 236 296 sigillis
246 227 490 281 lasciuissimarum
501 229 672 296 picturarum
685 234 712 280 et
722 227 874 295 figurarum
886 231 938 284 ad·

135 304 257 367 ornavit,
277 302 411 370 librisque
424 301 616 369 Elephantidis
630 303 774 367 instruxit,
794 319 829 354 ue
846 306 937 358 cuiin

135 392 220 442 opera
235 371 341 429 eden'da
356 377 495 444 exemplar
507 377 657 441 imperatae
672 375 797 428 schemae
812 377 934 432 deesset.

133 450 164 501 ln
175 452 252 503 silvis
264 467 372 518 quoque
383 466 415 501 ac
425 451 582 502 nemoribus
588 449 839 516 passimVenereos
850 452 934 505 locos

134 531 301 577 commentus
312 532 365 588 est,
381 530 591 592 prostantesque
602 539 651 590 per
662 530 742 575 antra
753 530 780 574 et
790 539 874 586 cavas
884 543 932 579 ru·

133 614 189 666 pes,
197 614 230 649 ex
240 601 382 666 utriusque
393 614 474 650 sexus
484 600 563 664 pube,
570 599 745 665 paniscorum
757 605 784 650 et
793 599 930 666 nympha·

132 687 193 722 rum
202 670 310 724 habitu:
330 673 476 740 palamque
489 672 546 722 iam
561 678 588 724 et
600 672 683 740 vulgo
698 673 808 724 nomine
818 674 931 728 insulae

132 746 284 810 abutentes,
297 746 460 812 Caprineum
471 746 645 798 dictitabant.

187 819 286 872 XLIV.
306 821 414 872 Maiore
426 818 516 870 adbuc
526 826 553 871 ct
562 821 685 886 turpiore
700 819 816 872 infautia
825 821 928 890 flagra-

130 895 179 958 vit,
190 893 236 944 vir
245 899 277 944 ut
285 893 384 945 referri
394 894 526 958 audirive,
536 895 635 946 nedum
644 895 721 946 credi
730 893 774 945 ias
784 897 833 946 sit:
845 899 930 963 quasi

130 983 231 1036 pucros
241 968 345 1034 primae
354 968 554 1032 teneritudinis,
561 983 630 1035 quos
641 969 927 1037 pisciculosvocabat,

129 1042 297 1106 institueret,
317 1048 349 1094 ut
361 1044 469 1094 natanti
482 1043 537 1093 sibi
547 1043 619 1093 inter
628 1043 731 1094 femina
740 1050 939 1109 versarentur„

130 1131 163 1168 ac
173 1115 300 1169 luderent
307 1116 403 1186 lingua
414 1131 560 1184 morsuque
576 1118 677 1168 sensim
692 1123 863 1184 appetentem
884 1126 926 1170 at·

40 1195 42 1204 ’
59 1183 65 1191 “
130 1206 182 1257 que
192 1191 275 1242 etiam
286 1187 366 1258 quasi
375 1191 493 1242 infantes
504 1191 646 1257 firmiores,
657 1191 773 1244 necdum
782 1193 925 1244 tamen'la-

130 1269 171 1315 cte
187 1265 328 1332 depulsos,
348 1265 457 1334 ingrrini
471 1281 521 1320 ceu
534 1265 655 1333 papillae
670 1266 840 1318 admoveret:
861 1283 924 1335 pro·
985 1325 986 1336 γ

117 1335 193 1389 'nior
208 1355 273 1391 sane
290 1341 325 1390 ad
340 1340 369 1390 id
382 1355 467 1407 genus
481 1337 606 1392 libidinis
621 1347 649 1392 et
661 1346 761 1392 natura
777 1347 804 1392 et
822 1323 923 1393 aeta'be.

130 1412 222 1472 Quare
232 1411 374 1465 Parrhasii
388 1430 497 1484 quoque
512 1414 648 1480 tabulam,
668 1416 698 1466 in
713 1431 767 1482 qua
780 1415 922 1483 Meleagro

128 1487 257 1537 Atalanta
272 1503 319 1539 ore
334 1490 529 1560 bromgeratur,
550 1488 669 1556 legatam
685 1491 740 1542 sibi
759 1490 808 1540 sub
829 1491 923 1543 condi·
985 1557 986 1562 Ἰ

127 1561 217 1624 tione,
238 1568 280 1626 ut,
301 1563 496 1628 siargumento
508 1562 706 1628 offenderetur,
727 1564 817 1632 decies
827 1579 877 1632 pro
889 1579 923 1616 ea
985 1577 986 1624 t

128 1635 283 1686 sestertium
295 1637 443 1702 acciperet,
463 1653 519 1690 non
534 1637 617 1689 modo
634 1637 776 1704 praetulit,
797 1638 846 1688 sed
857 1639 922 1690 etin

129 1708 255 1762 cubiculo
281 1710 427 1763 dedicavit.
465 1713 564 1764 Fertur
588 1711 670 1762 etiam
689 1711 719 1760 in
738 1709 921 1762 sacrificando

129 1784 275 1850 quondam,
282 1790 377 1852 captus
387 1785 459 1838 facie
469 1786 589 1839 ministri
599 1797 721 1834 acerram
730 1780 920 1849 praeferentis,
985 1851 986 1854 Ἴ

128 1859 255 1924 nequisse
266 1860 412 1924 abstinere,
424 1861 590 1926 quin,paene
600 1855 711 1908 vixdum
720 1871 750 1907 re
761 1856 920 1925 divinaper·
985 1865 986 1924 j

129 1939 199 1997 acta,
210 1934 312 1985 ibidem
324 1936 415 1985 rtatim
427 1934 568 1986 seductum
579 1935 778 1996 constupraret,
784 1932 919 1998 simulque

127 2005 240 2058 tratrem
259 2009 318 2060 eius
337 2008 490 2069 tibicinem3
515 2011 597 2071 atquc
615 2004 726 2076 utrique
745 2007 823 2070 mdx,
845 2006 919 2072 quod

128 2087 222 2133 nirrtuo
233 2082 367 2149 flagitium
379 2080 590 2148 exprobrabant,
602 2093 682 2130 crura
692 2078 815 2147 fregisse.

183 2155 270 2208 XLV.
289 2157 463 2208 Feminarum
474 2168 591 2220 quoque,
603 2157 630 2204 et
641 2152 750 2220 quidem
760 2153 917 2220 illustrium,

128 2229 265 2296 capitibus
276 2236 442 2297 quantopere
453 2228 552 2279 solitus
562 2229 599 2280 sit
608 2228 739 2294 illudere,
750 2229 918 2281 evidentissi-

82 2367 87 2373 .
127 2317 170 2354 me
186 2306 313 2372 apparuit
326 2304 478 2356 Malloniae
492 2303 635 2355 cuiusdam
650 2304 738 2356 exitu:
760 2321 841 2372 quam
860 2320 917 2371 per·
985 2301 986 2322 *

128 2377 250 2442 ductam,
270 2394 321 2429 nec
337 2379 483 2446 quicquam
498 2379 615 2447 amplius
629 2379 689 2447 pati
700 2380 918 2432 constantissime

127 2457 307 2515 recusantem,
319 2452 489 2505 delatoribus
501 2453 617 2508 obiecit:
638 2469 672 2505 ae
681 2469 714 2505 ne
724 2471 799 2506 ream
811 2453 917 2523 quidem

88 2587 93 2592 Ι
126 2525 301 2592 interpellare
313 2525 407 2589 desiit,
419 2527 680 2595 ecquidpuem'teretr
699 2528 787 2580 donec
797 2544 842 2592 ea,
857 2527 917 2579 reli·

128 2605 172 2652 cto
183 2599 302 2664 iudicio,
324 2598 433 2652 domum
445 2617 474 2654 se
484 2602 618 2672 abripuit,
639 2601 767 2671 ferroque
777 2603 916 2672 transegit,
