1964 2962
14 163 18 228 {
77 125 81 130 '
217 103 490 186 vcspasianus
526 139 686 190 cluss
769 126 884 202 ,aoa'

13 259 15 316 3
56 263 200 334 proximas
211 275 320 328 quoque
332 257 483 328 [civitates]
496 261 630 314 convertit
639 261 668 314 iu
678 277 717 327 se,
728 269 851 316 correcta

13 327 16 404 Ι
57 337 153 390 statim
169 341 321 387 castrorum
334 333 495 403 disciplina,
510 341 620 402 auroque
631 340 658 386 et
673 335 760 394 altero
771 351 849 403 proe-

13 411 24 468 Γ
55 414 97 466 lio
108 417 166 462 tam
177 413 334 461 constanter
342 408 426 472 inito,
441 413 473 458 ut
485 408 514 458 iu
525 409 729 475 oppugnatione
744 410 851 462 castelli

13 521 15 526 -
56 481 160 553 lapidis
169 484 254 534 ictum
264 496 343 548 genu,
354 487 431 548 scutp
442 482 558 548 sagittas
569 473 677 550 aliquot
686 485 831 551 exceperit.
856 507 858 511 v
908 473 911 480 ’

13 561 15 620 ζ
113 557 149 610 V.
169 556 238 608 Post
247 555 383 608 Neronem
395 554 578 622 Galbamque,
591 553 698 608 Othone
709 563 790 626 atque
800 556 848 608 Vi·

14 645 15 650 ’
56 633 136 686 tellio
148 630 347 698 deprincipatu
361 629 541 692 comantibus,
554 630 584 680 iu
598 645 674 696 spem
687 630 796 696 imperii
805 646 849 683 ve·
879 661 883 667 ·

57 707 108 769 nit,
119 706 175 756 iam
185 704 290 773 pridem
300 703 412 769 sibi-per
422 700 489 754 haec
500 709 607 758 ostenta
618 710 785 772 conceptam.
818 703 849 756 ln
867 757 870 766 ,

57 779 217 833 srrbruhauo
235 777 395 852 lflaviorum
415 789 529 846 quercus
549 777 680 847 antiqua,
702 791 771 846 quae
784 785 850 830 erat

56 853 145 906 Marti
163 857 285 916 sacrata,
304 866 353 919 pcr
371 856 427 920 tres
436 849 586 917 Vespasiae
600 857 705 918 paruas,
724 852 848 920 singulos

12 907 13 942 ¹
36 919 169 996 *repente
182 941 274 978 ramos
290 940 306 976 a
319 924 418 976 frutice
433 923 521 989 dedit,
529 923 610 976 haud
624 924 708 977 dubia
718 925 798 992 signa
806 925 848 976 fu·

12 993 14 1006 ’
56 1003 116 1054 turi
135 1001 267 1066 cuiusque
284 998 354 1050 fati:
374 999 499 1066 pslmum,
520 999 618 1066 exilem
637 1005 665 1051 et
684 1000 739 1051 dto
760 998 848 1051 arefa-

58 1084 150 1138 ctum;
170 1072 288 1141 ideoque
302 1072 394 1141 puella
407 1079 473 1125 nata
486 1087 542 1124 non
555 1074 733 1139 permanavit:
753 1083 852 1125 secun·

12 1185 13 1190 ,
58 1151 136 1212 dum,
146 1146 335 1224 praevalidum
348 1161 381 1198 ac
389 1146 542 1220 prolixum,
553 1152 580 1197 et
589 1147 638 1224 qui
651 1159 777 1214 magnam
786 1146 847 1219 icli-

59 1224 170 1278 citatem
189 1221 379 1291 portenderet:
407 1221 519 1272 tertium
538 1235 603 1272 vero
621 1221 710 1272 instar
730 1221 846 1273 arboris.

55 1291 153 1361 'Quare
172 1303 277 1364 patrem
297 1293 427 1346 Sabinum
450 1292 541 1346 famant
559 1292 716 1362 haruspicio
736 1295 848 1363 insuper
890 1313 893 1320 ’

59 1371 248 1426 confirmatum
258 1369 432 1430 renunciasse
441 1368 537 1432 matri,
545 1377 664 1434 ¹nepotem
674 1368 699 1419 ci
709 1367 847 1420 Gaesarem

11 1379 18 1508 b
56 1444 197 1517 genitum:
215 1459 266 1496 nec
283 1442 361 1496 illam
381 1442 525 1509 quicquam
545 1441 621 1494 aliud
640 1457 721 1510 quam
739 1441 847 1495 eucliin-

11 1531 15 1570 ,Β
58 1531 149 1584 nasse,
159 1519 317 1582 mirantem,
328 1517 403 1583 quod,
415 1515 639 1568 adhaeseramus
649 1525 773 1584 compote,
785 1515 846 1568 deli-

11 1589 17 1700 Ἰ
57 1600 133 1648 roret
151 1593 205 1644 iona
217 1591 296 1662 filios
312 1607 381 1644 suos.
419 1590 500 1655 Mox,
516 1605 597 1659 quum
611 1590 727 1643 aedilem
740 1605 801 1642 eum
817 1591 846 1642 C.

59 1670 175 1733 Caesar,
186 1681 346 1724 succensens
356 1670 468 1734 propter
477 1680 570 1716 curam
579 1665 719 1718 verrendis
728 1665 782 1716 viis
791 1680 847 1718 non

11 1715 13 1810 ,
59 1740 224 1806 adhibitam,
240 1741 299 1794 luto
309 1741 434 1792 iussisset
440 1740 563 1808 oppleri,
579 1746 708 1807 congesto
719 1738 847 1807 permili-

58 1818 140 1872 tasin
150 1821 307 1883 praetextae
318 1815 421 1879 sinum,
430 1830 486 1866 non
497 1812 648 1878 defuerunt,
660 1814 707 1882 qui
716 1813 847 1880 interpre-

57 1897 197 1958 tarentur,
209 1889 373 1958 quandoque
383 1885 569 1955 proculcatam
581 1887 769 1953 desertamque
778 1901 847 1938 rem-

58 1965 198 2038 publicam
213 1964 289 2017 civill
302 1963 396 2030 aliqua
408 1959 616 2030 pertmbutione
627 1963 656 2014 in
666 1961 779 2014 tutelam
789 1961 848 2012 eius

19 2043 22 2050 '
60 2057 95 2094 ac
113 2040 188 2091 velut
205 2040 234 2089 in
253 2037 386 2104 gremium
405 2036 588 2090 deventuram.
640 2034 794 2088 Prandente
814 2048 847 2087 co

58 2108 847 2185 u

52 2264 165 2322 arator,
186 2258 300 2308 decusso
314 2257 390 2324 iugo,
410 2257 679 2326 triclinium'lrropit,
700 2274 733 2310 ac
746 2257 849 2324 fugatis

59 2331 207 2396 ministris,
223 2330 302 2399 quasi
316 2336 426 2397 repente
440 2328 575 2395 defessus,
590 2331 710 2398 procidit
723 2333 758 2383 ad
771 2332 849 2398 ipsos

61 2406 247 2462 accumbentis
261 2404 357 2473 pedes,
376 2402 560 2471 ceruicemque
574 2405 718 2469 summisit.
760 2405 850 2456 Arbor

11 2497 13 2520 ¹
60 2497 127 2537 vero
139 2493 282 2548 cupressus
295 2479 325 2530 ln
340 2493 407 2548 agro
418 2479 493 2530 avito
504 2478 562 2530 sine
571 2478 630 2529 ulla
638 2479 667 2530 vl
679 2479 850 2544 tempestatis

11 2597 12 2602 κ
61 2559 157 2611 emulsa
166 2555 300 2608 radicitus
311 2560 392 2623 atque
402 2558 553 2622 prostrata,
567 2551 720 2618 lnseqaenti
731 2551 774 2600 die
784 2550 849 2601 viri-

61 2636 125 2688 dior
136 2647 169 2686 ae
178 2627 449 2704 firmior'resurrexit.
485 2626 521 2678 At
534 2628 564 2680 in
572 2624 677 2682 Achaia
690 2623 849 2688 somniavit,
