1992 2962
140 119 190 170 m
238 131 259 161 '-
418 119 445 166 0.
469 118 655 168 SUETONH

140 242 263 298 oblatam
274 255 293 294 a
302 241 557 294 Tarraconensibus
567 256 583 294 e
592 247 683 294 vetere
693 239 796 309 tenr'plo
805 239 882 294 lovis
894 257 941 296 eo.

139 332 238 370 ronam
257 331 370 370 auream
391 315 525 368 librorum
546 315 702 385 quindecim
723 315 886 382 conflasset,
908 331 943 370 ae

139 399 195 444 tres
208 392 318 458 uncias,
340 405 411 459 qnae
425 391 543 458 ponderi
561 390 687 454 deerant,
706 390 835 442 iussisset
854 391 941 459 exigi.

115 466 120 475 '
138 465 477 526 Eufornaetconiirouta
487 471 515 516 et
524 471 606 516 aneta
616 459 703 529 estut
712 465 941 532 prlmnanrbem

135 541 256 594 introiit.
295 539 367 592 Nam
381 553 465 607 quum
478 539 653 604 classiarios,
675 553 746 606 quos
755 538 831 592 Nero
847 553 882 591 er
896 556 939 594 re-

137 616 259 683 migibus
277 615 368 667 irutos
382 613 483 666 milites
497 613 614 678 feteret,
633 613 725 666 redire
740 613 777 666 ad
790 614 940 682 pristinum

107 701 123 733 ἰ
138 697 242 742 statum
257 689 391 756 ooigerit5
411 693 569 740 mouseutes
584 694 668 757 atque
680 689 795 756 insuper
814 689 941 756 aquilam

138 765 262 832 etsigna
274 763 443 830 pertinacius
457 762 615 830 flagitantes
631 778 689 815 non
707 761 792 816 modo
811 763 940 817 irnmisw
974 783 975 820 ῖ

137 839 231 909 equite
246 837 368 901 disiecit,
389 837 438 890 sed
451 833 600 890 decimauit
613 838 707 889 etiarn.
744 837 814 890 lteru
825 835 942 890 Gerena-

136 929 237 966 norum
257 911 411 976 cohortem,
432 925 450 962 a
464 911 630 964 Caesaribus
645 912 712 964 olim
726 911 763 964 ad
781 913 943 966 osutodianr

139 988 266 1056 corporis
275 987 432 1039 institutam
445 986 594 1054 multisque
604 987 800 1052 experimentis
810 985 941 1042 fidelissi·

138 1077 225 1126 maur,
241 1059 382 1125 dissolvit,
394 1075 427 1112 ac
437 1061 496 1112 eine
506 1061 565 1112 ullo
578 1061 724 1114 commodo
734 1061 842 1114 remisit
850 1061 881 1114 in
890 1078 941 1132 pa·

139 1138 235 1202 mem,
252 1136 333 1204 quasi
343 1135 392 1186 Cn.
403 1127 582 1200 Dolabellae,
593 1137 673 1187 iuxta
683 1136 762 1188 errius
772 1133 871 1188 hortos
880 1142 940 1190 ten-

138 1211 231 1276 debat,
242 1211 410 1278 proniorem.
449 1209 503 1261 llla
512 1225 633 1278 quoque,
641 1225 739 1262 verene
751 1225 786 1262 an
795 1209 879 1276 falso,
889 1207 941 1279 per

138 1285 289 1341 ludibrium
299 1285 484 1350 iaciebantur,
496 1286 626 1354 apposita
636 1285 756 1338 lautiore
766 1299 855 1338 ooena
864 1287 940 1355 inge·

137 1359 241 1416 muisse
251 1375 326 1412 eum:
348 1366 376 1411 et
383 1360 529 1412 ordinario
541 1359 652 1428 quidem
663 1359 863 1428 dispensatori,
878 1361 941 1414 bre·

137 1435 258 1486 riarium
277 1427 417 1486 rationum
438 1433 580 1499 offerenti,
600 1433 777 1502 parapsidem
791 1433 940 1502 leguminis

118 1571 121 1585 ἱ
139 1523 190 1576 pro
201 1508 348 1560 sedulitate
365 1524 398 1560 ae
413 1509 559 1577 diligentia
568 1511 738 1576 porrexisse3
759 1509 836 1562 Cano
848 1516 942 1562 eutem

141 1580 299 1647 choraulae,
309 1583 379 1635 mire
388 1583 669 1652 placenti,‚deuarios
680 1585 801 1652 quinque
811 1583 942 1650 donaese,

140 1657 267 1724 prolatos
277 1673 361 1709 manu
371 1657 647 1726 uaepeeuliaribue
656 1659 758 1710 loculis
768 1658 836 1710 auis.

196 1731 271 1783 xlll.
292 1731 385 1794 Quare
405 1732 538 1784 adventus
558 1733 693 1796 eiussnon
711 1732 825 1801 perinde
844 1740 945 1800 gratus

123 1805 207 1885 ‘fust‘
227 1806 312 1876 idque
325 1807 452 1876 proximo
466 1801 627 1874 speetneulo
642 1808 784 1876 eppamit3
803 1807 946 1877 siquidem

142 1880 277 1934 Atellanis
286 1882 462 1934 notissimum
473 1882 610 1934 canticum
621 1883 738 1948 exorsis,
814 1951 816 1954 Ι

309 1941 320 1962 ’
349 1953 436 2020 Venit,
447 1955 482 2020 io,
495 1955 699 2020 Simussrillo5

143 2031 236 2084 uincti
246 2030 329 2082 simul
342 2037 513 2098 spectatores
529 2033 716 2085 consentiente
725 2046 794 2085 rooe
804 2033 942 2100 reliquam
974 2081 975 2108 ἦ

142 2111 248 2174 partem
258 2105 466 2170 retuleurqt,'ac
476 2107 588 2174 saepius
597 2121 678 2165 ‚versu
687 2107 805 2175 repetito
817 2115 942 2176 egerunt.
974 2113 975 2118 ’

199 2179 275 2232 XlV.
293 2180 404 2232 Maiore
419 2181 489 2233 adeo
506 2187 534 2232 et
546 2179 644 2233 favore
658 2188 686 2234 et
699 2183 867 2234 auctoritate
878 2183 944 2234 ede-

142 2259 207 2322 ptus
218 2260 275 2320 est,
293 2257 484 2323 quamgeseit,'
503 2256 664 2323 imperium
683 2269 840 2324 quanquam
855 2257 946 2308 multa

143 2328 309 2380 dounnentu
324 2331 429 2397 egregii
442 2331 576 2398 principis
594 2329 685 2384 daret:
706 2331 755 2382 sed
767 2345 945 2401 nequaquam

142 2407 200 2452 tam
220 2409 302 2468 grata
321 2413 413 2468 erent,
434 2419 517 2472 quam
530 2405 633 2469 invisa,
655 2419 726 2473 quae
741 2421 821 2457 seeue
835 2407 944 2458 fierent.

142 2473 301 2540 Regebatur
318 2477 403 2528 trium
423 2479 553 2542 arbitrio,
575 2493 645 2545 quos
662 2493 719 2530 una
732 2485 761 2530 et
772 2480 847 2531 intra
860 2479 944 2532 Pala:

142 2547 213 2596 tium
224 2543 393 2614 habitantes,
408 2567 460 2604 nee
469 2565 590 2620 unquam
601 2567 658 2604 non
669 2543 862 2618 adhaerentes,
878 2569 943 2622 pae-

127 2617 270 2686 dagogos
280 2621 363 2688 vulgo
373 2624 521 2677 vocabant}
539 2681 541 2688 ,
558 2625 600 2677 rit
609 2633 688 2678 erant
698 2627 732 2678 Τ.
742 2625 855 2692 Vinius,
867 2627 943 2698 lege-
