<?xml version="1.0" encoding="UTF-8"?>
<!DOCTYPE html PUBLIC "-//W3C//DTD XHTML 1.0 Transitional//EN"
    "http://www.w3.org/TR/xhtml1/DTD/xhtml1-transitional.dtd">
<html xmlns="http://www.w3.org/1999/xhtml" xml:lang="en" lang="en">
 <head>
  <title>
</title>
<meta http-equiv="Content-Type" content="text/html;charset=utf-8" />
  <meta name='ocr-system' content='tesseract 3.04.00' />
  <meta name='ocr-capabilities' content='ocr_page ocr_carea ocr_par ocr_line ocrx_word'/>
</head>
<body>
  <div class='ocr_page' id='page_1' title='image "./csuetoniitranqu00weisgoog_0227.png"; bbox 0 0 1992 2962; ppageno 0'>
   <div class='ocr_carea' id='block_1_1' title="bbox 239 83 916 171">
    <p class='ocr_par' dir='ltr' id='par_1_1' title="bbox 239 83 916 171">
     <span class='ocr_line' id='line_1_1' title="bbox 239 83 916 171; baseline 0.013 -10"><span class='ocrx_word' id='word_1_1' title='bbox 239 109 241 114; x_wconf 80' lang='grc'>’</span> <span class='ocrx_word' id='word_1_2' title='bbox 304 113 501 164; x_wconf 74' lang='lat' dir='ltr'>canonius.</span> <span class='ocrx_word' id='word_1_3' title='bbox 537 83 731 165; x_wconf 71' lang='lat' dir='ltr'>canaam.</span> <span class='ocrx_word' id='word_1_4' title='bbox 866 119 916 171; x_wconf 78' lang='lat'>213</span> 
     </span>
    </p>
   </div>
   <div class='ocr_carea' id='block_1_2' title="bbox 50 237 978 1124">
    <p class='ocr_par' dir='ltr' id='par_1_2' title="bbox 50 237 978 1124">
     <span class='ocr_line' id='line_1_2' title="bbox 119 237 916 308; baseline 0.005 -18"><span class='ocrx_word' id='word_1_5' title='bbox 119 238 209 308; x_wconf 81' lang='lat' dir='ltr'>quod,</span> <span class='ocrx_word' id='word_1_6' title='bbox 224 239 254 289; x_wconf 86' lang='lat' dir='ltr'>in</span> <span class='ocrx_word' id='word_1_7' title='bbox 263 239 411 306; x_wconf 86' lang='lat' dir='ltr'>popularia</span> <span class='ocrx_word' id='word_1_8' title='bbox 422 237 544 304; x_wconf 84' lang='lat' dir='ltr'>deducti,</span> <span class='ocrx_word' id='word_1_9' title='bbox 566 251 648 306; x_wconf 84' lang='lat' dir='ltr'>quum</span> <span class='ocrx_word' id='word_1_10' title='bbox 660 239 916 294; x_wconf 83' lang='lat' dir='ltr'>animadvertissent</span> 
     </span>
     <span class='ocr_line' id='line_1_3' title="bbox 117 310 914 377; baseline 0.005 -13"><span class='ocrx_word' id='word_1_11' title='bbox 117 310 240 365; x_wconf 86' lang='lat' dir='ltr'>Parthos</span> <span class='ocrx_word' id='word_1_12' title='bbox 251 313 423 366; x_wconf 73' lang='lat' dir='ltr'>etdrmenios</span> <span class='ocrx_word' id='word_1_13' title='bbox 434 314 557 365; x_wconf 76' lang='lat' dir='ltr'><strong>sedentes</strong></span> <span class='ocrx_word' id='word_1_14' title='bbox 568 315 596 364; x_wconf 92' lang='lat' dir='ltr'>in</span> <span class='ocrx_word' id='word_1_15' title='bbox 607 319 712 377; x_wconf 82' lang='lat' dir='ltr'>senatu,</span> <span class='ocrx_word' id='word_1_16' title='bbox 724 313 759 366; x_wconf 87' lang='lat' dir='ltr'>ad</span> <span class='ocrx_word' id='word_1_17' title='bbox 769 316 864 368; x_wconf 85' lang='lat' dir='ltr'>eadem</span> <span class='ocrx_word' id='word_1_18' title='bbox 875 317 914 368; x_wconf 93' lang='lat' dir='ltr'>lo-</span> 
     </span>
     <span class='ocr_line' id='line_1_4' title="bbox 120 387 915 456; baseline 0.004 -17"><span class='ocrx_word' id='word_1_19' title='bbox 120 401 156 440; x_wconf 88' lang='lat' dir='ltr'>ca</span> <span class='ocrx_word' id='word_1_20' title='bbox 166 393 264 456; x_wconf 87' lang='lat' dir='ltr'>sponte</span> <span class='ocrx_word' id='word_1_21' title='bbox 273 389 449 452; x_wconf 83' lang='lat' dir='ltr'>transierant,</span> <span class='ocrx_word' id='word_1_22' title='bbox 455 387 542 440; x_wconf 85' lang='lat' dir='ltr'>nihilo</span> <span class='ocrx_word' id='word_1_23' title='bbox 555 388 718 439; x_wconf 78' lang='lat' dir='ltr'>deteriorem</span> <span class='ocrx_word' id='word_1_24' title='bbox 727 389 856 440; x_wconf 74' lang='lat' dir='ltr'>virtmem</span> <span class='ocrx_word' id='word_1_25' title='bbox 867 399 915 442; x_wconf 83' lang='lat' dir='ltr'>aut</span> 
     </span>
     <span class='ocr_line' id='line_1_5' title="bbox 119 459 913 528; baseline -0.003 -12"><span class='ocrx_word' id='word_1_26' title='bbox 119 463 308 516; x_wconf 82' lang='lat' dir='ltr'>conditionem</span> <span class='ocrx_word' id='word_1_27' title='bbox 328 477 406 512; x_wconf 86' lang='lat' dir='ltr'>suam</span> <span class='ocrx_word' id='word_1_28' title='bbox 424 459 624 528; x_wconf 78' lang='lat' dir='ltr'><strong>praedicantes.</strong></span> <span class='ocrx_word' id='word_1_29' title='bbox 663 459 832 514; x_wconf 82' lang='lat' dir='ltr'>Druidarum</span> <span class='ocrx_word' id='word_1_30' title='bbox 851 464 913 514; x_wconf 89' lang='lat' dir='ltr'>reli-</span> 
     </span>
     <span class='ocr_line' id='line_1_6' title="bbox 118 532 978 604; baseline -0.001 -15"><span class='ocrx_word' id='word_1_31' title='bbox 118 538 231 604; x_wconf 80' lang='lat' dir='ltr'>gionem</span> <span class='ocrx_word' id='word_1_32' title='bbox 242 535 315 603; x_wconf 90' lang='lat' dir='ltr'>apud</span> <span class='ocrx_word' id='word_1_33' title='bbox 327 535 423 588; x_wconf 86' lang='lat' dir='ltr'>Gallos</span> <span class='ocrx_word' id='word_1_34' title='bbox 435 536 513 588; x_wconf 90' lang='lat' dir='ltr'>dirae</span> <span class='ocrx_word' id='word_1_35' title='bbox 521 536 709 599; x_wconf 82' lang='lat' dir='ltr'>immanitatis,</span> <span class='ocrx_word' id='word_1_36' title='bbox 722 541 749 586; x_wconf 84' lang='lat' dir='ltr'>et</span> <span class='ocrx_word' id='word_1_37' title='bbox 758 542 865 588; x_wconf 86' lang='lat' dir='ltr'>tantum</span> <span class='ocrx_word' id='word_1_38' title='bbox 876 539 913 588; x_wconf 86' lang='lat' dir='ltr'>ei·</span> <span class='ocrx_word' id='word_1_39' title='bbox 976 532 978 537; x_wconf 70' lang='grc'>’</span> 
     </span>
     <span class='ocr_line' id='line_1_7' title="bbox 118 607 912 678; baseline 0 -16"><span class='ocrx_word' id='word_1_40' title='bbox 118 611 201 662; x_wconf 80' lang='lat' dir='ltr'>vibus</span> <span class='ocrx_word' id='word_1_41' title='bbox 220 611 270 661; x_wconf 84' lang='lat' dir='ltr'>sub</span> <span class='ocrx_word' id='word_1_42' title='bbox 290 611 413 678; x_wconf 80' lang='lat' dir='ltr'>Augusto</span> <span class='ocrx_word' id='word_1_43' title='bbox 437 610 624 675; x_wconf 80' lang='lat' dir='ltr'>interdictam,</span> <span class='ocrx_word' id='word_1_44' title='bbox 648 611 757 677; x_wconf 85' lang='lat' dir='ltr'>penitus</span> <span class='ocrx_word' id='word_1_45' title='bbox 782 607 912 662; x_wconf 84' lang='lat' dir='ltr'>abolevit.</span> 
     </span>
     <span class='ocr_line' id='line_1_8' title="bbox 120 683 913 748; baseline 0 -12"><span class='ocrx_word' id='word_1_46' title='bbox 120 685 238 748; x_wconf 83' lang='lat' dir='ltr'>Contra,</span> <span class='ocrx_word' id='word_1_47' title='bbox 259 699 339 736; x_wconf 86' lang='lat' dir='ltr'>sacra</span> <span class='ocrx_word' id='word_1_48' title='bbox 352 684 494 736; x_wconf 79' lang='lat' dir='ltr'>Eleusinia</span> <span class='ocrx_word' id='word_1_49' title='bbox 508 685 591 736; x_wconf 86' lang='lat' dir='ltr'>etiam</span> <span class='ocrx_word' id='word_1_50' title='bbox 610 683 759 736; x_wconf 84' lang='lat' dir='ltr'>transferre</span> <span class='ocrx_word' id='word_1_51' title='bbox 774 699 808 735; x_wconf 84' lang='lat' dir='ltr'>ex</span> <span class='ocrx_word' id='word_1_52' title='bbox 822 684 913 738; x_wconf 74' lang='lat' dir='ltr'>Attica</span> 
     </span>
     <span class='ocr_line' id='line_1_9' title="bbox 118 757 912 825; baseline 0.001 -15"><span class='ocrx_word' id='word_1_53' title='bbox 118 759 238 810; x_wconf 86' lang='lat' dir='ltr'>Romam</span> <span class='ocrx_word' id='word_1_54' title='bbox 252 763 367 809; x_wconf 81' lang='lat' dir='ltr'>conatus</span> <span class='ocrx_word' id='word_1_55' title='bbox 376 765 431 811; x_wconf 84' lang='lat' dir='ltr'>est.</span> <span class='ocrx_word' id='word_1_56' title='bbox 470 758 668 825; x_wconf 85' lang='lat' dir='ltr'>Templumque</span> <span class='ocrx_word' id='word_1_57' title='bbox 677 759 706 808; x_wconf 89' lang='lat' dir='ltr'>in</span> <span class='ocrx_word' id='word_1_58' title='bbox 718 758 815 811; x_wconf 83' lang='lat' dir='ltr'>Sicilia</span> <span class='ocrx_word' id='word_1_59' title='bbox 825 757 912 810; x_wconf 88' lang='lat' dir='ltr'>Vene-</span> 
     </span>
     <span class='ocr_line' id='line_1_10' title="bbox 119 831 911 900; baseline 0 -16"><span class='ocrx_word' id='word_1_60' title='bbox 119 833 160 884; x_wconf 90' lang='lat' dir='ltr'>ris</span> <span class='ocrx_word' id='word_1_61' title='bbox 170 831 320 899; x_wconf 83' lang='lat' dir='ltr'>Erycinae,</span> <span class='ocrx_word' id='word_1_62' title='bbox 334 839 470 884; x_wconf 85' lang='lat' dir='ltr'>vetustate</span> <span class='ocrx_word' id='word_1_63' title='bbox 481 833 646 900; x_wconf 87' lang='lat' dir='ltr'>collapsum,</span> <span class='ocrx_word' id='word_1_64' title='bbox 657 839 689 884; x_wconf 89' lang='lat' dir='ltr'>ut</span> <span class='ocrx_word' id='word_1_65' title='bbox 697 847 731 884; x_wconf 82' lang='lat' dir='ltr'>ex</span> <span class='ocrx_word' id='word_1_66' title='bbox 743 833 851 884; x_wconf 86' lang='lat' dir='ltr'>aerario</span> <span class='ocrx_word' id='word_1_67' title='bbox 863 847 911 900; x_wconf 91' lang='lat' dir='ltr'>po·</span> 
     </span>
     <span class='ocr_line' id='line_1_11' title="bbox 50 905 914 974; baseline 0 -17"><span class='ocrx_word' id='word_1_68' title='bbox 50 965 56 970; x_wconf 46' lang='grc'>,</span> <span class='ocrx_word' id='word_1_69' title='bbox 119 907 181 974; x_wconf 91' lang='lat' dir='ltr'>puli</span> <span class='ocrx_word' id='word_1_70' title='bbox 190 905 308 958; x_wconf 88' lang='lat' dir='ltr'>Romani</span> <span class='ocrx_word' id='word_1_71' title='bbox 322 907 491 971; x_wconf 84' lang='lat' dir='ltr'>reficeretur,</span> <span class='ocrx_word' id='word_1_72' title='bbox 512 913 610 958; x_wconf 88' lang='lat' dir='ltr'>auctor</span> <span class='ocrx_word' id='word_1_73' title='bbox 618 906 680 958; x_wconf 85' lang='lat' dir='ltr'>fuit.</span> <span class='ocrx_word' id='word_1_74' title='bbox 720 907 788 971; x_wconf 73' lang='lat' dir='ltr'>Cum</span> <span class='ocrx_word' id='word_1_75' title='bbox 801 908 914 974; x_wconf 82' lang='lat' dir='ltr'>regibus</span> 
     </span>
     <span class='ocr_line' id='line_1_12' title="bbox 119 976 913 1048; baseline -0.001 -16"><span class='ocrx_word' id='word_1_76' title='bbox 119 981 218 1032; x_wconf 77' lang='lat' dir='ltr'>foedus</span> <span class='ocrx_word' id='word_1_77' title='bbox 228 981 257 1031; x_wconf 91' lang='lat' dir='ltr'>in</span> <span class='ocrx_word' id='word_1_78' title='bbox 267 979 329 1032; x_wconf 84' lang='lat' dir='ltr'>loro</span> <span class='ocrx_word' id='word_1_79' title='bbox 339 981 401 1044; x_wconf 89' lang='lat' dir='ltr'>icit,</span> <span class='ocrx_word' id='word_1_80' title='bbox 417 995 503 1048; x_wconf 88' lang='lat' dir='ltr'>porca</span> <span class='ocrx_word' id='word_1_81' title='bbox 514 995 606 1044; x_wconf 86' lang='lat' dir='ltr'>caesa,</span> <span class='ocrx_word' id='word_1_82' title='bbox 623 994 656 1032; x_wconf 85' lang='lat' dir='ltr'>ac</span> <span class='ocrx_word' id='word_1_83' title='bbox 665 976 756 1032; x_wconf 86' lang='lat' dir='ltr'>vetere</span> <span class='ocrx_word' id='word_1_84' title='bbox 765 981 913 1032; x_wconf 88' lang='lat' dir='ltr'>Fetialium</span> 
     </span>
     <span class='ocr_line' id='line_1_13' title="bbox 119 1053 913 1124; baseline 0 -20"><span class='ocrx_word' id='word_1_85' title='bbox 119 1053 294 1124; x_wconf 83' lang='lat' dir='ltr'>praefatione</span> <span class='ocrx_word' id='word_1_86' title='bbox 305 1053 438 1106; x_wconf 85' lang='lat' dir='ltr'>adhibita.</span> <span class='ocrx_word' id='word_1_87' title='bbox 478 1055 531 1107; x_wconf 89' lang='lat' dir='ltr'>Sed</span> <span class='ocrx_word' id='word_1_88' title='bbox 546 1061 573 1106; x_wconf 87' lang='lat' dir='ltr'>et</span> <span class='ocrx_word' id='word_1_89' title='bbox 587 1053 655 1106; x_wconf 88' lang='lat' dir='ltr'>haec</span> <span class='ocrx_word' id='word_1_90' title='bbox 665 1062 692 1106; x_wconf 85' lang='lat' dir='ltr'>et</span> <span class='ocrx_word' id='word_1_91' title='bbox 703 1061 801 1119; x_wconf 84' lang='lat' dir='ltr'>cetera,</span> <span class='ocrx_word' id='word_1_92' title='bbox 812 1061 913 1106; x_wconf 82' lang='lat' dir='ltr'>totum·</span> 
     </span>
    </p>
   </div>
   <div class='ocr_carea' id='block_1_3' title="bbox 11 1129 913 1196">
    <p class='ocr_par' dir='ltr' id='par_1_3' title="bbox 11 1129 913 1196">
     <span class='ocr_line' id='line_1_14' title="bbox 11 1129 913 1196; baseline 0.001 -17"><span class='ocrx_word' id='word_1_93' title='bbox 11 1157 15 1166; x_wconf 93' lang='lat'>·</span> <span class='ocrx_word' id='word_1_94' title='bbox 112 1143 173 1196; x_wconf 83' lang='lat' dir='ltr'>¹que</span> <span class='ocrx_word' id='word_1_95' title='bbox 185 1129 254 1180; x_wconf 84' lang='lat' dir='ltr'>adeo</span> <span class='ocrx_word' id='word_1_96' title='bbox 264 1143 299 1180; x_wconf 84' lang='lat' dir='ltr'>ex</span> <span class='ocrx_word' id='word_1_97' title='bbox 309 1135 388 1196; x_wconf 87' lang='lat' dir='ltr'>parte</span> <span class='ocrx_word' id='word_1_98' title='bbox 398 1145 497 1196; x_wconf 77' lang='lat' dir='ltr'>nsegna</span> <span class='ocrx_word' id='word_1_99' title='bbox 507 1129 703 1196; x_wconf 64' lang='lat' dir='ltr'>principamini,</span> <span class='ocrx_word' id='word_1_100' title='bbox 723 1143 779 1180; x_wconf 89' lang='lat' dir='ltr'>non</span> <span class='ocrx_word' id='word_1_101' title='bbox 794 1135 851 1179; x_wconf 88' lang='lat' dir='ltr'>tam</span> <span class='ocrx_word' id='word_1_102' title='bbox 862 1143 913 1180; x_wconf 88' lang='lat' dir='ltr'>suo</span> 
     </span>
    </p>
   </div>
   <div class='ocr_carea' id='block_1_4' title="bbox 114 1203 913 2302">
    <p class='ocr_par' dir='ltr' id='par_1_4' title="bbox 118 1203 913 1405">
     <span class='ocr_line' id='line_1_15' title="bbox 120 1203 913 1272; baseline -0.001 -18"><span class='ocrx_word' id='word_1_103' title='bbox 120 1217 203 1269; x_wconf 87' lang='lat' dir='ltr'>quam</span> <span class='ocrx_word' id='word_1_104' title='bbox 212 1215 330 1253; x_wconf 85' lang='lat' dir='ltr'>uxorum</span> <span class='ocrx_word' id='word_1_105' title='bbox 340 1203 555 1272; x_wconf 82' lang='lat' dir='ltr'>libertorumque</span> <span class='ocrx_word' id='word_1_106' title='bbox 570 1203 685 1254; x_wconf 87' lang='lat' dir='ltr'>arbitrio</span> <span class='ocrx_word' id='word_1_107' title='bbox 697 1203 913 1264; x_wconf 78' lang='lat' dir='ltr'>admirdstravit3</span> 
     </span>
     <span class='ocr_line' id='line_1_16' title="bbox 118 1274 913 1344; baseline 0 -16"><span class='ocrx_word' id='word_1_108' title='bbox 118 1274 184 1328; x_wconf 86' lang='lat' dir='ltr'>talis</span> <span class='ocrx_word' id='word_1_109' title='bbox 194 1277 297 1344; x_wconf 89' lang='lat' dir='ltr'>ubique</span> <span class='ocrx_word' id='word_1_110' title='bbox 305 1277 477 1344; x_wconf 87' lang='lat' dir='ltr'>plerumque,</span> <span class='ocrx_word' id='word_1_111' title='bbox 498 1275 605 1343; x_wconf 86' lang='lat' dir='ltr'>qualem</span> <span class='ocrx_word' id='word_1_112' title='bbox 620 1291 679 1328; x_wconf 84' lang='lat' dir='ltr'>esse</span> <span class='ocrx_word' id='word_1_113' title='bbox 694 1291 754 1328; x_wconf 87' lang='lat' dir='ltr'>eum</span> <span class='ocrx_word' id='word_1_114' title='bbox 771 1283 819 1328; x_wconf 87' lang='lat' dir='ltr'>aut</span> <span class='ocrx_word' id='word_1_115' title='bbox 832 1291 913 1344; x_wconf 82' lang='lat' dir='ltr'>expe·</span> 
     </span>
     <span class='ocr_line' id='line_1_17' title="bbox 120 1351 431 1405; baseline -0.006 -2"><span class='ocrx_word' id='word_1_116' title='bbox 120 1351 192 1403; x_wconf 82' lang='lat' dir='ltr'>diret</span> <span class='ocrx_word' id='word_1_117' title='bbox 197 1351 257 1405; x_wconf 72' lang='lat' dir='ltr'>‚illis</span> <span class='ocrx_word' id='word_1_118' title='bbox 268 1357 316 1402; x_wconf 87' lang='lat' dir='ltr'>aut</span> <span class='ocrx_word' id='word_1_119' title='bbox 326 1351 431 1402; x_wconf 89' lang='lat' dir='ltr'>liberet.</span> 
     </span>
    </p>

    <p class='ocr_par' dir='ltr' id='par_1_5' title="bbox 114 1422 912 2302">
     <span class='ocr_line' id='line_1_18' title="bbox 174 1422 912 1492; baseline -0.003 -16"><span class='ocrx_word' id='word_1_120' title='bbox 174 1423 274 1476; x_wconf 72' lang='lat' dir='ltr'>xxvi.</span> <span class='ocrx_word' id='word_1_121' title='bbox 296 1423 417 1492; x_wconf 82' lang='lat' dir='ltr'>Sponsas</span> <span class='ocrx_word' id='word_1_122' title='bbox 436 1423 583 1476; x_wconf 84' lang='lat' dir='ltr'>admodum</span> <span class='ocrx_word' id='word_1_123' title='bbox 600 1423 760 1477; x_wconf 78' lang='lat' dir='ltr'>adolescens</span> <span class='ocrx_word' id='word_1_124' title='bbox 775 1423 844 1475; x_wconf 84' lang='lat' dir='ltr'>duas</span> <span class='ocrx_word' id='word_1_125' title='bbox 862 1422 912 1475; x_wconf 88' lang='lat' dir='ltr'>ha·</span> 
     </span>
     <span class='ocr_line' id='line_1_19' title="bbox 119 1497 912 1567; baseline -0.001 -17"><span class='ocrx_word' id='word_1_126' title='bbox 119 1499 192 1550; x_wconf 74' lang='lat' dir='ltr'>buitz</span> <span class='ocrx_word' id='word_1_127' title='bbox 212 1499 357 1550; x_wconf 79' lang='lat' dir='ltr'>Aemiliam</span> <span class='ocrx_word' id='word_1_128' title='bbox 366 1497 514 1567; x_wconf 88' lang='lat' dir='ltr'>Lepidam,</span> <span class='ocrx_word' id='word_1_129' title='bbox 525 1499 640 1566; x_wconf 70' lang='lat' dir='ltr'>dugenti</span> <span class='ocrx_word' id='word_1_130' title='bbox 652 1506 825 1566; x_wconf 81' lang='lat' dir='ltr'>pronepteru3</span> <span class='ocrx_word' id='word_1_131' title='bbox 845 1499 912 1550; x_wconf 81' lang='lat' dir='ltr'>item</span> 
     </span>
     <span class='ocr_line' id='line_1_20' title="bbox 119 1571 910 1640; baseline 0 -17"><span class='ocrx_word' id='word_1_132' title='bbox 119 1571 228 1623; x_wconf 83' lang='lat' dir='ltr'>Liviam</span> <span class='ocrx_word' id='word_1_133' title='bbox 238 1571 430 1637; x_wconf 71' lang='lat' dir='ltr'>Medullium,</span> <span class='ocrx_word' id='word_1_134' title='bbox 444 1573 489 1624; x_wconf 90' lang='lat' dir='ltr'>cui</span> <span class='ocrx_word' id='word_1_135' title='bbox 498 1579 525 1624; x_wconf 91' lang='lat' dir='ltr'>et</span> <span class='ocrx_word' id='word_1_136' title='bbox 536 1587 687 1640; x_wconf 84' lang='lat' dir='ltr'>cognomen</span> <span class='ocrx_word' id='word_1_137' title='bbox 699 1571 833 1624; x_wconf 87' lang='lat' dir='ltr'>Camillae</span> <span class='ocrx_word' id='word_1_138' title='bbox 842 1577 910 1636; x_wconf 81' lang='lat' dir='ltr'>erat,</span> 
     </span>
     <span class='ocr_line' id='line_1_21' title="bbox 119 1645 912 1714; baseline -0.001 -16"><span class='ocrx_word' id='word_1_139' title='bbox 119 1660 243 1714; x_wconf 84' lang='lat' dir='ltr'>egenere</span> <span class='ocrx_word' id='word_1_140' title='bbox 254 1647 367 1713; x_wconf 86' lang='lat' dir='ltr'>antiquo</span> <span class='ocrx_word' id='word_1_141' title='bbox 379 1647 523 1698; x_wconf 86' lang='lat' dir='ltr'>dictatoris</span> <span class='ocrx_word' id='word_1_142' title='bbox 535 1647 653 1698; x_wconf 86' lang='lat' dir='ltr'>Camilli.</span> <span class='ocrx_word' id='word_1_143' title='bbox 691 1646 825 1710; x_wconf 88' lang='lat' dir='ltr'>Priorem,</span> <span class='ocrx_word' id='word_1_144' title='bbox 837 1645 912 1714; x_wconf 87' lang='lat' dir='ltr'>qaod</span> 
     </span>
     <span class='ocr_line' id='line_1_22' title="bbox 117 1719 912 1789; baseline 0 -17"><span class='ocrx_word' id='word_1_145' title='bbox 117 1727 245 1788; x_wconf 82' lang='lat' dir='ltr'>parentes</span> <span class='ocrx_word' id='word_1_146' title='bbox 256 1721 315 1771; x_wconf 87' lang='lat' dir='ltr'>eius</span> <span class='ocrx_word' id='word_1_147' title='bbox 325 1720 476 1786; x_wconf 79' lang='lat' dir='ltr'>Augustum</span> <span class='ocrx_word' id='word_1_148' title='bbox 487 1721 666 1786; x_wconf 82' lang='lat' dir='ltr'>offenderant,</span> <span class='ocrx_word' id='word_1_149' title='bbox 677 1721 811 1789; x_wconf 81' lang='lat' dir='ltr'>virginem</span> <span class='ocrx_word' id='word_1_150' title='bbox 822 1719 912 1772; x_wconf 85' lang='lat' dir='ltr'>adhuc</span> 
     </span>
     <span class='ocr_line' id='line_1_23' title="bbox 118 1795 911 1863; baseline -0.003 -17"><span class='ocrx_word' id='word_1_151' title='bbox 118 1795 286 1863; x_wconf 82' lang='lat' dir='ltr'>repudiavit3</span> <span class='ocrx_word' id='word_1_152' title='bbox 310 1796 492 1861; x_wconf 84' lang='lat' dir='ltr'>posteriorem</span> <span class='ocrx_word' id='word_1_153' title='bbox 509 1797 571 1862; x_wconf 88' lang='lat' dir='ltr'>ipso</span> <span class='ocrx_word' id='word_1_154' title='bbox 592 1795 649 1860; x_wconf 89' lang='lat' dir='ltr'>die,</span> <span class='ocrx_word' id='word_1_155' title='bbox 671 1797 719 1863; x_wconf 91' lang='lat' dir='ltr'>qui</span> <span class='ocrx_word' id='word_1_156' title='bbox 733 1801 793 1847; x_wconf 88' lang='lat' dir='ltr'>erat</span> <span class='ocrx_word' id='word_1_157' title='bbox 807 1795 911 1862; x_wconf 89' lang='lat' dir='ltr'>nuptiis</span> 
     </span>
     <span class='ocr_line' id='line_1_24' title="bbox 119 1869 910 1932; baseline -0.001 -12"><span class='ocrx_word' id='word_1_158' title='bbox 119 1869 279 1932; x_wconf 86' lang='lat' dir='ltr'>destinatus,</span> <span class='ocrx_word' id='word_1_159' title='bbox 291 1883 325 1920; x_wconf 83' lang='lat' dir='ltr'>ex</span> <span class='ocrx_word' id='word_1_160' title='bbox 335 1869 491 1920; x_wconf 82' lang='lat' dir='ltr'>valetudine</span> <span class='ocrx_word' id='word_1_161' title='bbox 503 1871 604 1920; x_wconf 84' lang='lat' dir='ltr'>amisit.</span> <span class='ocrx_word' id='word_1_162' title='bbox 633 1869 742 1920; x_wconf 84' lang='lat' dir='ltr'>Uxores</span> <span class='ocrx_word' id='word_1_163' title='bbox 753 1869 851 1920; x_wconf 87' lang='lat' dir='ltr'>deinde</span> <span class='ocrx_word' id='word_1_164' title='bbox 861 1869 910 1919; x_wconf 90' lang='lat' dir='ltr'>du·</span> 
     </span>
     <span class='ocr_line' id='line_1_25' title="bbox 116 1941 910 2010; baseline 0 -16"><span class='ocrx_word' id='word_1_165' title='bbox 116 1944 159 1995; x_wconf 86' lang='lat' dir='ltr'>xit</span> <span class='ocrx_word' id='word_1_166' title='bbox 168 1941 307 1994; x_wconf 87' lang='lat' dir='ltr'>Plautiam</span> <span class='ocrx_word' id='word_1_167' title='bbox 315 1941 528 2009; x_wconf 80' lang='lat' dir='ltr'>Urgulanillam‚</span> <span class='ocrx_word' id='word_1_168' title='bbox 549 1941 722 2010; x_wconf 85' lang='lat' dir='ltr'>triumphali,</span> <span class='ocrx_word' id='word_1_169' title='bbox 744 1949 771 1994; x_wconf 88' lang='lat' dir='ltr'>et</span> <span class='ocrx_word' id='word_1_170' title='bbox 785 1941 910 1994; x_wconf 72' lang='lat' dir='ltr'>1110er-</span> 
     </span>
     <span class='ocr_line' id='line_1_26' title="bbox 115 2015 909 2084; baseline -0.003 -16"><span class='ocrx_word' id='word_1_171' title='bbox 115 2017 182 2068; x_wconf 85' lang='lat' dir='ltr'>liam</span> <span class='ocrx_word' id='word_1_172' title='bbox 192 2015 326 2080; x_wconf 86' lang='lat' dir='ltr'>Petinam,</span> <span class='ocrx_word' id='word_1_173' title='bbox 339 2016 479 2074; x_wconf 86' lang='lat' dir='ltr'>consulari</span> <span class='ocrx_word' id='word_1_174' title='bbox 488 2023 574 2084; x_wconf 85' lang='lat' dir='ltr'>patre.</span> <span class='ocrx_word' id='word_1_175' title='bbox 614 2017 681 2067; x_wconf 83' lang='lat' dir='ltr'>Cum</span> <span class='ocrx_word' id='word_1_176' title='bbox 690 2022 807 2083; x_wconf 85' lang='lat' dir='ltr'>utraque</span> <span class='ocrx_word' id='word_1_177' title='bbox 818 2017 909 2082; x_wconf 87' lang='lat' dir='ltr'>divor·</span> 
     </span>
     <span class='ocr_line' id='line_1_27' title="bbox 114 2089 910 2153; baseline -0.001 -11"><span class='ocrx_word' id='word_1_178' title='bbox 114 2093 184 2148; x_wconf 80' lang='lat' dir='ltr'>tium</span> <span class='ocrx_word' id='word_1_179' title='bbox 194 2090 273 2153; x_wconf 81' lang='lat' dir='ltr'>lecit3</span> <span class='ocrx_word' id='word_1_180' title='bbox 293 2092 341 2142; x_wconf 88' lang='lat' dir='ltr'>sed</span> <span class='ocrx_word' id='word_1_181' title='bbox 357 2105 417 2142; x_wconf 87' lang='lat' dir='ltr'>cum</span> <span class='ocrx_word' id='word_1_182' title='bbox 428 2090 526 2142; x_wconf 78' lang='lat' dir='ltr'>Patina</span> <span class='ocrx_word' id='word_1_183' title='bbox 540 2105 573 2142; x_wconf 85' lang='lat' dir='ltr'>ex</span> <span class='ocrx_word' id='word_1_184' title='bbox 583 2091 689 2142; x_wconf 81' lang='lat' dir='ltr'>levibus</span> <span class='ocrx_word' id='word_1_185' title='bbox 701 2089 827 2152; x_wconf 82' lang='lat' dir='ltr'>offensis3</span> <span class='ocrx_word' id='word_1_186' title='bbox 849 2105 910 2141; x_wconf 89' lang='lat' dir='ltr'>cum</span> 
     </span>
     <span class='ocr_line' id='line_1_28' title="bbox 114 2161 909 2233; baseline -0.005 -15"><span class='ocrx_word' id='word_1_187' title='bbox 114 2165 288 2233; x_wconf 84' lang='lat' dir='ltr'>Urgulanilla</span> <span class='ocrx_word' id='word_1_188' title='bbox 303 2167 339 2218; x_wconf 85' lang='lat' dir='ltr'>ob</span> <span class='ocrx_word' id='word_1_189' title='bbox 353 2165 498 2216; x_wconf 87' lang='lat' dir='ltr'>libidinum</span> <span class='ocrx_word' id='word_1_190' title='bbox 513 2165 617 2232; x_wconf 88' lang='lat' dir='ltr'>probra</span> <span class='ocrx_word' id='word_1_191' title='bbox 631 2169 658 2215; x_wconf 89' lang='lat' dir='ltr'>et</span> <span class='ocrx_word' id='word_1_192' title='bbox 667 2161 812 2214; x_wconf 89' lang='lat' dir='ltr'>homicidii</span> <span class='ocrx_word' id='word_1_193' title='bbox 821 2163 909 2232; x_wconf 89' lang='lat' dir='ltr'>suspi-</span> 
     </span>
     <span class='ocr_line' id='line_1_29' title="bbox 116 2237 909 2302; baseline -0.004 -11"><span class='ocrx_word' id='word_1_194' title='bbox 116 2241 231 2292; x_wconf 86' lang='lat' dir='ltr'>cionem.</span> <span class='ocrx_word' id='word_1_195' title='bbox 269 2238 338 2291; x_wconf 89' lang='lat' dir='ltr'>Post</span> <span class='ocrx_word' id='word_1_196' title='bbox 352 2238 402 2290; x_wconf 89' lang='lat' dir='ltr'>has</span> <span class='ocrx_word' id='word_1_197' title='bbox 416 2239 557 2290; x_wconf 86' lang='lat' dir='ltr'>Valeriam</span> <span class='ocrx_word' id='word_1_198' title='bbox 571 2237 772 2302; x_wconf 74' lang='lat' dir='ltr'>Mareellinam,</span> <span class='ocrx_word' id='word_1_199' title='bbox 792 2237 909 2288; x_wconf 85' lang='lat' dir='ltr'>Barbati</span> 
     </span>
    </p>
   </div>
   <div class='ocr_carea' id='block_1_5' title="bbox 45 2312 907 2376">
    <p class='ocr_par' dir='ltr' id='par_1_6' title="bbox 45 2312 907 2376">
     <span class='ocr_line' id='line_1_30' title="bbox 45 2312 907 2376; baseline -0.002 -12"><span class='ocrx_word' id='word_1_200' title='bbox 45 2357 52 2364; x_wconf 84' lang='lat'>.</span> <span class='ocrx_word' id='word_1_201' title='bbox 114 2313 262 2365; x_wconf 77' lang='lat' dir='ltr'>Messallae</span> <span class='ocrx_word' id='word_1_202' title='bbox 273 2313 432 2366; x_wconf 89' lang='lat' dir='ltr'>consobrini</span> <span class='ocrx_word' id='word_1_203' title='bbox 443 2313 486 2364; x_wconf 86' lang='lat' dir='ltr'>sui</span> <span class='ocrx_word' id='word_1_204' title='bbox 497 2313 594 2376; x_wconf 87' lang='lat' dir='ltr'>liliam,</span> <span class='ocrx_word' id='word_1_205' title='bbox 609 2313 638 2362; x_wconf 89' lang='lat' dir='ltr'>in</span> <span class='ocrx_word' id='word_1_206' title='bbox 649 2312 853 2364; x_wconf 86' lang='lat' dir='ltr'>matrimonium</span> <span class='ocrx_word' id='word_1_207' title='bbox 864 2327 907 2362; x_wconf 90' lang='lat' dir='ltr'>ac·</span> 
     </span>
    </p>
   </div>
   <div class='ocr_carea' id='block_1_6' title="bbox 112 2385 907 2530">
    <p class='ocr_par' dir='ltr' id='par_1_7' title="bbox 112 2385 907 2530">
     <span class='ocr_line' id='line_1_31' title="bbox 116 2385 907 2456; baseline -0.005 -16"><span class='ocrx_word' id='word_1_208' title='bbox 116 2389 197 2456; x_wconf 84' lang='lat' dir='ltr'>oepit.</span> <span class='ocrx_word' id='word_1_209' title='bbox 237 2387 324 2450; x_wconf 76' lang='lat' dir='ltr'>Quam</span> <span class='ocrx_word' id='word_1_210' title='bbox 337 2403 418 2454; x_wconf 87' lang='lat' dir='ltr'>quum</span> <span class='ocrx_word' id='word_1_211' title='bbox 430 2387 619 2454; x_wconf 86' lang='lat' dir='ltr'>comperisset,</span> <span class='ocrx_word' id='word_1_212' title='bbox 635 2399 717 2454; x_wconf 87' lang='lat' dir='ltr'>super</span> <span class='ocrx_word' id='word_1_213' title='bbox 731 2393 823 2439; x_wconf 86' lang='lat' dir='ltr'>cetera</span> <span class='ocrx_word' id='word_1_214' title='bbox 831 2385 907 2453; x_wconf 81' lang='lat' dir='ltr'>llagi-</span> 
     </span>
     <span class='ocr_line' id='line_1_32' title="bbox 112 2459 907 2530; baseline -0.005 -16"><span class='ocrx_word' id='word_1_215' title='bbox 112 2461 154 2514; x_wconf 86' lang='lat' dir='ltr'>tia</span> <span class='ocrx_word' id='word_1_216' title='bbox 164 2468 248 2530; x_wconf 83' lang='lat' dir='ltr'>atque</span> <span class='ocrx_word' id='word_1_217' title='bbox 258 2463 406 2525; x_wconf 86' lang='lat' dir='ltr'>dedecora,</span> <span class='ocrx_word' id='word_1_218' title='bbox 419 2461 531 2527; x_wconf 64' lang='lat' dir='ltr'>asido</span> <span class='ocrx_word' id='word_1_219' title='bbox 544 2459 626 2512; x_wconf 87' lang='lat' dir='ltr'>etiam</span> <span class='ocrx_word' id='word_1_220' title='bbox 636 2461 777 2528; x_wconf 84' lang='lat' dir='ltr'>nupsisse,</span> <span class='ocrx_word' id='word_1_221' title='bbox 793 2461 857 2512; x_wconf 85' lang='lat' dir='ltr'>dote</span> <span class='ocrx_word' id='word_1_222' title='bbox 866 2461 907 2510; x_wconf 92' lang='lat' dir='ltr'>in·</span> 
     </span>
    </p>
   </div>
   <div class='ocr_carea' id='block_1_7' title="bbox 5 2534 907 2606">
    <p class='ocr_par' dir='ltr' id='par_1_8' title="bbox 5 2534 907 2606">
     <span class='ocr_line' id='line_1_33' title="bbox 5 2534 907 2606; baseline -0.006 -18"><span class='ocrx_word' id='word_1_223' title='bbox 5 2569 10 2594; x_wconf 82' lang='lat'>.</span> <span class='ocrx_word' id='word_1_224' title='bbox 112 2543 156 2588; x_wconf 89' lang='lat' dir='ltr'>ter</span> <span class='ocrx_word' id='word_1_225' title='bbox 166 2537 292 2606; x_wconf 87' lang='lat' dir='ltr'>auspices</span> <span class='ocrx_word' id='word_1_226' title='bbox 303 2536 478 2602; x_wconf 80' lang='lat' dir='ltr'>consignata,</span> <span class='ocrx_word' id='word_1_227' title='bbox 490 2535 626 2604; x_wconf 86' lang='lat' dir='ltr'>supplicio</span> <span class='ocrx_word' id='word_1_228' title='bbox 638 2534 744 2598; x_wconf 81' lang='lat' dir='ltr'>affecit3</span> <span class='ocrx_word' id='word_1_229' title='bbox 765 2535 907 2586; x_wconf 82' lang='lat' dir='ltr'>confirma·</span> 
     </span>
    </p>
   </div>
   <div class='ocr_carea' id='block_1_8' title="bbox 112 2608 908 2682">
    <p class='ocr_par' dir='ltr' id='par_1_9' title="bbox 112 2608 908 2682">
     <span class='ocr_line' id='line_1_34' title="bbox 112 2608 908 2682; baseline -0.001 -20"><span class='ocrx_word' id='word_1_230' title='bbox 112 2610 206 2678; x_wconf 86' lang='lat' dir='ltr'>vitque</span> <span class='ocrx_word' id='word_1_231' title='bbox 221 2625 273 2682; x_wconf 87' lang='lat' dir='ltr'>pro</span> <span class='ocrx_word' id='word_1_232' title='bbox 295 2611 427 2663; x_wconf 85' lang='lat' dir='ltr'>concione</span> <span class='ocrx_word' id='word_1_233' title='bbox 448 2609 522 2680; x_wconf 83' lang='lat' dir='ltr'>apud</span> <span class='ocrx_word' id='word_1_234' title='bbox 540 2610 748 2681; x_wconf 87' lang='lat' dir='ltr'>praetorianos,</span> <span class='ocrx_word' id='word_1_235' title='bbox 772 2608 908 2675; x_wconf 78' lang='lat' dir='ltr'>Quatenus</span> 
     </span>
    </p>
   </div>
   <div class='ocr_carea' id='block_1_9' title="bbox 0 0 1000 2962">
    <p class='ocr_par' dir='ltr' id='par_1_10' title="bbox 0 0 1000 2962">
     <span class='ocr_line' id='line_1_35' title="bbox 0 0 1000 2962; baseline 0 1"><span class='ocrx_word' id='word_1_236' title='bbox 0 0 1000 2962; x_wconf 95' lang='lat' dir='ltr'> </span> 
     </span>
    </p>
   </div>
  </div>
 </body>
</html>
