1992 2962
150 77 202 128 210
361 63 366 80 ¹
429 77 458 124 c.
481 73 671 125 suunouu

150 197 284 250 Fucinum
298 198 401 263 lamam,
421 197 613 250 naumachiam
628 204 690 250 ante
705 200 852 252 commisit.
892 199 950 254 Sed

151 287 248 342 quum,
263 273 498 341 proclamantibus
508 271 741 336 naumachiariis,
758 272 821 336 Aue,
833 271 949 343 impera·

151 357 202 410 tor,
213 347 338 400 morituri
348 349 512 409 resalutant,
527 346 729 413 respondisset,
741 346 822 399 Avete
832 364 889 410 eos,
901 366 958 401 ne··

150 436 203 490 que
217 427 281 489 post
295 420 366 474 banc
378 436 487 484 vocam,
507 420 588 486 quasi
601 421 682 469 venia
697 419 775 483 data,
797 421 945 489 quisquam

150 495 282 547 dimicare
291 495 386 556 vellet3
407 494 455 545 diu
465 499 621 556 cunctatus,
638 508 673 544 an
684 508 780 544 omnes
788 495 847 560 igni
856 493 944 548 ferro-

150 584 202 637 que
214 569 382 632 absumeret,
400 567 513 618 tandem
522 581 537 617 e
547 567 611 618 sede
622 582 673 618 sua
683 566 827 632 prosiluit,
849 584 882 621 ac
896 586 946 637 per

149 642 280 694 ambitum
291 643 381 706 lacus,
400 657 455 694 non
465 641 524 692 sine
534 639 618 692 foeda
627 640 818 706 vacillatione,
839 643 945 696 disem-

148 717 325 784 reus,partim
335 714 581 782 minando,partim
592 713 765 768 adhortando
777 716 812 767 ad
823 732 944 786 pugnam

148 790 289 857 compulit.
328 787 392 842 Hoc
406 789 563 856 spectaculo
579 789 675 840 classis
686 789 781 845 Sicula
795 797 823 842 et
832 789 944 844 Rhodia

121 888 123 892 ·
148 870 356 928 concurrerunt,
377 861 564 916 duodenarum
575 863 727 914 triremium
738 864 878 932 singulae,
898 882 943 918 ex·

148 940 236 990 ciente
255 938 372 990 baccina
386 939 502 991 Tritone
516 943 659 1005 argenteo,
681 939 728 1006 qui
743 939 863 991 emedio
879 940 943 994 lacu

147 1027 196 1080 par
205 1012 360 1064 machinam
370 1019 527 1065 emerserat.

202 1087 289 1139 XXII.
312 1087 452 1150 Quaedam
464 1087 539 1139 eirca
549 1086 730 1139 caerimonias
742 1087 904 1157 civilemque
914 1098 943 1143 et

146 1161 295 1215 militarem
304 1177 424 1226 morem,
441 1163 507 1214 item
522 1162 596 1214 circa
611 1162 732 1214 omnium
748 1163 874 1214 ordinum
885 1170 940 1216 sta·

94 1287 96 1292 .
145 1244 204 1288 turn
219 1236 295 1290 domi
308 1236 431 1306 forisque
447 1242 496 1290 aut
510 1237 629 1288 correxit
644 1241 692 1289 aut
706 1236 814 1288 exoleta
828 1253 940 1290 revoca-

146 1311 194 1375 vit,
206 1312 346 1363 autetiam
356 1326 430 1364 nova
438 1311 566 1362 instituit.
604 1310 635 1361 ln
650 1311 814 1378 cooptandis
824 1327 873 1378 per
884 1314 939 1366 col-

145 1384 220 1450 legia
230 1385 433 1450 sacerdotibus,
448 1386 582 1437 neminem
592 1385 648 1436 nisi
657 1385 764 1445 iuratus
773 1387 940 1438 nominavit:

148 1458 357 1526 observavitque
368 1460 477 1524 sedulo,
498 1457 544 1524 nt,
557 1460 665 1527 quoties
674 1465 749 1510 terra
759 1459 788 1510 in
798 1459 871 1511 Urbe
882 1477 939 1513 mo·

147 1533 243 1596 visset,
262 1531 349 1584 ferias
362 1535 498 1586 advocata
513 1535 646 1587 concione
660 1539 773 1601 praetor
791 1533 939 1597 indiceret3

44 1612 47 1618 '
140 1614 230 1673 utque
241 1607 352 1658 abdira
360 1614 408 1660 aut
416 1608 527 1660 iuUrbe
538 1615 587 1660 aut
599 1609 629 1660 in
641 1607 780 1675 Capitolio
794 1609 868 1672 visa,
891 1608 938 1660 ob-

147 1681 265 1732 secratio
277 1678 441 1745 baberetur,
456 1697 570 1750 eamque
583 1683 643 1752 ipse
656 1683 716 1734 inre
725 1683 839 1733 maximi
849 1683 938 1749 ponti-

147 1755 208 1807 ficis
219 1755 385 1808 courmonito
396 1771 447 1823 pro
458 1757 556 1809 rostris
566 1757 670 1826 populo
681 1756 812 1823 praeiret,
820 1772 937 1808 summo·

147 1838 230 1898 taque
242 1831 431 1898 operariorum
442 1846 636 1900 servorumque
645 1832 736 1883 turba.
801 1865 806 1873 .

203 1904 308 1956 xxul„
324 1905 424 1956 Rerum
435 1912 539 1970 aenum,
550 1906 667 1956 divisruu
679 1912 760 1956 aritea
769 1905 799 1955 'm
810 1902 939 1956 hibernos

149 1979 323 2048 aestiuosque
337 1995 455 2044 menses,
476 1981 626 2032 coniunxit.
664 1979 884 2030 iurisdietionem
906 1975 940 2030 d'e

146 2054 213 2105 fidei
223 2055 385 2118 comarissis,
392 2056 539 2122 quotannis
550 2060 577 2105 et
586 2060 691 2106 tanturn
701 2053 807 2104 inUrbe
818 2052 940 2119 delegari

147 2128 694 2196 magistratibnssolitam,inpespetu1m
705 2134 787 2196 atque
798 2127 880 2177 etiarn
890 2142 940 2193 per

147 2203 305 2269 provincias
315 2201 692 2270 potestatibusdemandavit.
733 2200 824 2268 Capiti
834 2197 939 2268 Papiae
966 2199 968 2256 Ῐ

146 2275 230 2340 legis,
251 2292 268 2326 a
279 2277 392 2329 Tiberio
405 2277 521 2328 Caesare
533 2277 653 2340 adiecto„
674 2277 754 2344 quasi
765 2275 938 2340 sexagenarii
965 2267 967 2343 ,¹

145 2361 276 2414 generare
286 2365 342 2402 non
352 2357 472 2416 possent,
484 2351 638 2418 obrogavit.
668 2350 773 2413 Sannit,
784 2351 817 2400 nt
825 2349 937 2416 pupillis
963 2373 965 2405 ,

146 2425 225 2471 extra
236 2421 358 2474 ordinem
369 2430 476 2477 tutores
487 2439 504 2476 a
516 2425 673 2476 consulibus
689 2423 833 2485 darentur,
854 2429 937 2490 utque
963 2429 964 2469 i

84 2486 86 2493 ‚
145 2491 187 2555 his
207 2495 311 2559 quibas.
322 2511 339 2545 a
353 2499 560 2564 magistratibus
575 2499 733 2564 provinciae
744 2495 937 2572 interdiceren-
960 2471 963 2531 i

144 2572 202 2630 tur,
223 2567 295 2620 Urbe
319 2579 475 2642 quoquest
493 2571 577 2623 italia
595 2577 838 2632 summoverentur.
876 2570 937 2638 Ipse
960 2565 962 2636 J

598 2655 602 2678 ¹
960 2639 961 2656 r

956 2735 959 2786 i
