1992 2962
302 173 436 221 oanan.
473 173 548 226 cae.
567 173 684 221 19-2a.
842 170 892 221 aaa
932 145 934 150 ’

99 295 202 360 moria
216 302 305 347 aetate
319 275 384 358 ιιιιις
406 297 525 347 maxime
537 295 641 348 irritati
659 296 694 346 ad
712 295 797 346 talem
814 296 891 347 ioco-

97 388 159 426 rum
174 369 368 439 petulantiam,
390 369 465 437 quod
480 376 542 422 ante
556 385 661 438 paucos
675 369 734 420 dies
748 369 852 421 exierat
861 369 890 420 in

96 445 205 512 vulgo,
216 443 343 494 laudanti
353 443 461 496 atridam
472 443 589 495 formam
600 458 690 507 auam,
700 447 737 494 ut
742 439 832 494 adhue
840 441 891 494 tlo-

97 520 188 573 ridam
208 523 236 569 et
253 522 386 583 vegetam,
407 518 581 586 respondisse
595 533 665 581 eurn,
680 512 736 564 Ἔτι
753 531 799 574 μοι
815 513 890 574 μένος

98 587 212 652 ἔμπεδόν
222 588 297 639 ἔστιν.
338 591 379 641 Ab
399 589 442 640 his
456 590 583 644 Patrobii
597 589 750 643 Neroniani
767 589 890 653 libertus,

100 671 207 719 eentum
219 665 309 716 aureis
319 664 496 731 redemptum,
507 681 540 716 eo
551 665 627 728 loco,
638 665 687 715 ubi
696 665 774 716 iussu
785 661 891 715 Galbae

101 739 318 792 animadversum
329 738 357 788 in
368 744 514 804 patronum
523 738 622 803 fuerat,
634 739 743 808 abiecit.
755 736 821 789 Sero
831 743 891 788 tan·

101 815 162 866 dem
173 813 347 879 dispensator
356 813 455 878 Argius
465 819 493 863 et
502 810 568 875 hoc,
590 818 617 864 et
632 818 750 864 ceterum
765 817 899 862 trunctrm·

99 890 130 940 in
139 887 255 956 privatio
265 885 325 938 eius
334 884 422 938 hortis
432 887 559 938 Aureliae
569 886 630 938 viae
640 885 797 954 sepulturae
807 885 891 935 dedit.

156 959 231 1012 xxl.
252 958 364 1011 Statura
373 960 448 1010 iusta
457 959 519 1024 suit,
531 961 621 1027 capite
630 959 792 1027 praeealvo,
804 958 893 1010 oculis

102 1034 249 1098 eaendeie,
266 1033 373 1086 adunco
383 1048 465 1097 naso,
476 1035 602 1087 manibus
613 1033 782 1101 pedibusque
793 1033 893 1084 artitu-

40 1169 44 1173 ,
101 1110 157 1162 lari
165 1109 262 1160 morbo
274 1107 490 1171 distortissimo,
506 1115 538 1159 ut
546 1123 634 1175 neque
646 1107 766 1159 calceum
777 1105 892 1174 perpeti,

101 1199 152 1236 nee
162 1181 272 1233 libellos
282 1181 407 1233 evolvere
417 1187 566 1233 auttenere
577 1181 688 1232 omnino
698 1180 811 1232 valeret.
840 1179 894 1230 Ex·

104 1261 226 1310 creverat
236 1256 319 1307 etiarn
332 1256 362 1305 in
376 1254 530 1306 dexteriore
544 1255 629 1307 latere
645 1254 704 1306 eiua
719 1269 797 1319 earo,
817 1267 895 1322 prae·

97 1323 293 1408 ‘pendebatque
304 1329 383 1394 adeo,
394 1335 425 1380 ut
436 1343 516 1396 aegre
525 1327 615 1380 fascia
624 1327 863 1394 aubauingeretur.

160 1403 248 1456 xxn.
268 1403 331 1455 Cibi
344 1402 456 1471 pluimi
469 1402 601 1466 traditur,
622 1417 702 1471 quem
720 1408 843 1469 tempore
856 1399 897 1452 hi·

102 1477 191 1532 berno
207 1479 290 1530 etiarn
305 1483 367 1528 ante
383 1476 469 1528 lucem
491 1491 588 1544 capere
608 1484 801 1539 consueverat;
825 1476 897 1528 inter

106 1567 289 1614 coenamvero
300 1567 387 1620 usque
397 1566 431 1602 eo
442 1550 615 1615 abundantia,
621 1555 653 1608 ut
662 1555 806 1618 congestae
816 1564 898 1618 nuper

105 1641 202 1681 manue
215 1626 348 1697 reliquiae
368 1623 538 1678 eirutmierri
554 1625 675 1690 iuberet,
695 1624 843 1693 upargique
863 1621 899 1674 ad

105 1702 188 1778 pedes
209 1701 354 1754 stantibus.
393 1699 532 1752 Libidinis
551 1698 581 1752 iu
594 1714 684 1752 marea
697 1697 851 1769 pronioris,
871 1702 900 1750 et

103 1791 155 1836 eoa
168 1791 223 1828 non
238 1775 294 1826 nisi
307 1771 460 1843 praeduros
475 1773 662 1844 eroletoaque.
700 1772 849 1834 Ferehant,
869 1771 897 1822 in

105 1849 244 1917 Hispania
253 1848 354 1901 ioelum
366 1865 380 1902 e
390 1848 527 1902 veteribus
543 1848 716 1912 concubinis,
736 1844 770 1896 de
780 1843 899 1896 Neronia

106 1923 183 1977 exitu
195 1923 383 1988 nunciantem,
401 1937 459 1992 non¹
471 1921 556 1976 modo
571 1919 719 1979 artieatmia
734 1916 837 1970 orcadis
851 1931 900 1985 pa·

11 2007 13 2010 ·
103 1999 162 2050 lem
182 2003 324 2065 exceptum
339 1997 374 2048 ab
389 2011 436 2062 eo,
448 1995 518 2062 ned,
538 1995 642 2056 utrina
656 1990 899 2056 morarelteretur,

107 2077 215 2126 oratum
227 2078 308 2137 atque
318 2065 469 2124 seductum.

161 2143 264 2196 xxm.
284 2141 371 2194 Periit
384 2143 467 2196 tertio
483 2147 510 2195 et
524 2138 726 2209 septuagedme
743 2137 843 2196 aetatis
853 2152 900 2190 an·

107 2231 158 2279 no,
168 2216 278 2284 imperii
289 2231 380 2270 mense
390 2217 516 2285 septimo.
555 2213 685 2275 Senatus,
699 2215 731 2266 ut
740 2211 857 2278 primun
868 2211 901 2276 ii·
928 2269 930 2276 ,

108 2291 192 2342 citum
209 2287 275 2352 fuit,
295 2295 414 2341 atamen
434 2290 460 2340 ei
479 2288 649 2351 decreverat,
668 2290 805 2343 rostratae
826 2284 901 2343 eolu-

11 2379 12 2406 2
108 2379 188 2420 omae
198 2369 397 2436 superstantem
407 2363 436 2416 iu
446 2367 524 2432 parte
533 2361 602 2425 fori,
623 2359 840 2430 quatrucidetnt
851 2366 901 2412 eet.

108 2439 163 2494 Sed
175 2439 312 2490 decretmn
322 2436 511 2505 Vespasianus
522 2433 652 2503 abolevit,
661 2449 837 2504 percussores
848 2433 902 2490 sibi

108 2529 143 2568 ex
153 2513 293 2586 Hispania
302 2513 331 2568 in
342 2511 471 2572 iudaeam
482 2511 651 2567 autumnoue
662 2509 799 2580 opinato.

401 2663 620 2702 ...coen-—
