1986 2960
138 97 186 146 ιιι
411 99 439 147 c.
464 97 652 146 suarouu
955 75 976 162 'l

136 220 190 272 mel
201 219 312 271 onmino
324 234 397 283 eam,
407 234 458 272 nac
468 220 586 286 amplius
597 233 678 285 quam
687 232 743 269 uuo
754 216 812 282 die,
822 221 934 284 patrois·

136 294 213 345 simis
223 293 294 344 vidit
304 292 395 356 horis3
416 308 450 345 ac
459 308 523 344 mox
533 308 621 360 neque
636 307 734 360 aegrae
746 291 841 344 adesse
853 309 934 346 cura·

134 369 187 432 vit,
204 367 425 434 defunctamque,
441 372 480 430 et,
496 367 559 418 dum
570 367 702 418 adventus
713 366 757 417 sui
767 365 932 439 sperniacit,

136 441 317 508 complurium
328 441 433 492 dierum
444 456 530 504 mora,
537 445 666 507 corrupto
678 441 785 492 demum
796 448 823 492 et
832 441 931 494 tabido

135 531 251 581 corpore
271 509 426 568 funeratam
443 513 587 580 prohibuit
606 515 775 579 consecrari,
800 516 881 582 quasi
900 517 933 568 id

133 591 196 656 ipsa
205 590 372 642 mandasset.
410 589 615 640 Testamentum
629 589 812 656 quoqueeius
826 605 878 656 pro
893 591 931 642 ir-

125 665 189 730 rito
209 662 318 728 habuit,
344 677 491 728 omnesque
511 663 650 714 amicitias
668 668 697 714 et
715 662 930 731 familiaritates,

133 739 218 790 etiam
227 738 327 804 quibus
337 753 370 789 ea
379 735 484 788 itineris
494 737 539 788 sui
549 752 642 790 cruam
652 738 771 790 moriens
782 737 930 791 demanda-

115 799 186 876 ἰαί,
196 812 270 864 intra
280 812 361 863 breve
370 816 477 877 tempus
488 809 599 874 affiixit;
617 827 674 864 uno
685 827 719 864 ex
729 809 781 876 his,
792 815 929 880 equestris

98 884 101 889 ’
134 885 240 940 ordinis
250 886 320 950 viro,
332 890 359 938 et
368 886 398 937 in
408 885 523 937 antliam
533 885 724 938 condemnato.

188 959 248 1011 Lll.
267 959 403 1022 Filiorum
417 974 505 1028 neque
518 959 672 1013 natinalem
685 960 818 1025 Drusum,
838 975 929 1028 neque

133 1035 293 1102 adoptivum
305 1033 497 1086 Germanicum
506 1035 599 1100 putria
609 1035 724 1088 caritate
735 1035 844 1099 dilexit,
859 1035 928 1088 elte-

132 1110 191 1160 rius
200 1110 276 1160 vitiis
286 1107 418 1161 irdensus.
456 1107 528 1159 Nam
536 1108 644 1160 Drusus
655 1110 740 1161 animi
749 1108 874 1161 fluxioris
884 1126 928 1162 re-

132 1183 323 1250 missiorisque
336 1184 410 1235 vitae
424 1187 492 1260 erat.
529 1181 626 1252 ltaque
644 1199 678 1236 ne
692 1189 801 1236 mortuo
817 1183 929 1250 quidem

131 1258 245 1324 perinde
256 1257 372 1310 affectus
382 1264 437 1320 est;
457 1257 505 1310 sed
519 1263 626 1330 tantum
635 1274 692 1311 non
702 1259 795 1311 statim
806 1274 823 1308 a
832 1257 929 1310 finiero

134 1332 171 1383 ad
186 1333 361 1399 negotiorum
380 1333 605 1385 consuetudinem
624 1334 719 1398 rediit,
739 1329 929 1386 iustitio'lon·

133 1406 211 1473 glore
221 1404 350 1459 inhibito.
390 1406 464 1468 Quin
478 1412 506 1459 et
515 1407 657 1460 Iliensium
671 1408 769 1476 legatis
780 1406 874 1474 panllo
886 1423 929 1460 se·

132 1481 191 1532 ritu
202 1479 422 1546 consolantibus,
438 1482 518 1548 quasi
533 1483 682 1536 obliterata
690 1483 746 1534 iam
757 1481 862 1534 doloris
872 1497 929 1534 me-

133 1554 236 1618 moria,
251 1555 383 1620 irrideus,
398 1571 425 1606 te
436 1571 550 1622 quoque,
572 1557 726 1624 respondit,
747 1555 828 1608 uicem
838 1572 929 1608 eorum

133 1627 231 1690 dolere,
256 1629 327 1695 quod
348 1629 486 1699 egregium
510 1630 590 1682 ciuem
608 1629 750 1682 Hectorem
769 1629 927 1682 amisissent.

134 1700 299 1754 Germanico
314 1719 400 1772 usque
415 1704 485 1757 adeo
501 1705 677 1766 obtrectarit,
696 1707 728 1753 ut
742 1708 769 1753 et
782 1704 929 1766 praeclara
977 1729 980 1736 ·

132 1775 209 1828 facta
219 1778 278 1829 eius
289 1793 339 1844 pro
351 1780 528 1845 supervacuis
539 1778 660 1840 eleuarit,
672 1783 701 1827 et
709 1775 929 1842 gloriosissimas

132 1852 331 1916 victoriosam
340 1851 669 1919 damnosasreipublioae,
674 1849 832 1915 increparit.
845 1851 929 1911 Quod

132 1941 198 1978 vero
208 1925 415 1992 Alexandriam,
431 1932 543 1994 propter
550 1926 710 1976 immensam
721 1930 751 1976 et,
757 1925 929 1992 repentinam

132 1999 248 2065 famem,
260 2001 417 2053 inconsulto
429 2016 458 2051 se
469 2000 584 2062 adisset,
606 2003 718 2064 questus
729 2004 771 2050 est
780 1999 810 2048 in
820 2006 927 2052 senatu.

133 2073 226 2126 Etiam
240 2091 324 2128 eausa
338 2075 435 2131 mortis
448 2073 534 2125 sitisse
549 2072 575 2124 ei
589 2088 637 2139 per
648 2073 697 2124 Cn.
711 2072 840 2124 Pisonem
854 2071 929 2140 lega·
976 2087 980 2180 1

132 2155 192 2200 turm
197 2147 295 2217 Syriae
307 2149 438 2202 creditur:
450 2162 538 2214 quem,
545 2161 609 2199 mox
619 2144 700 2198 huius
712 2147 929 2212 criminirreum,
978 2187 979 2190 ι

134 2229 232 2290 putant
246 2226 358 2292 quidam
368 2221 498 2276 mandata
507 2221 692 2288 prolaturum,
701 2273 703 2276 ,
713 2223 768 2274 uisi
778 2237 812 2274 ea
822 2228 929 2275 secreta

135 2298 285 2350 obstarent.
324 2297 379 2350 Per.
391 2312 461 2364 quae
475 2295 655 2349 multifariam
667 2298 830 2364 inscriptum
844 2302 871 2348 et
881 2312 931 2364 per

132 2377 229 2424 noctes
240 2372 415 2424 celeberrime
426 2371 608 2424 acclamatum
618 2379 673 2425 est:
687 2371 777 2424 Redde
789 2372 928 2423 Germani-

133 2459 200 2498 cum.
240 2446 329 2507 Quam
349 2447 535 2512 stuploiouem
557 2448 729 2500 confirmavit
747 2448 807 2512 ipse
820 2451 928 2512 postea,

133 2520 250 2585 coniuge
259 2519 345 2573 fflam
360 2535 393 2570 ac
402 2521 498 2573 liberis
510 2520 669 2574 Germanici
681 2521 817 2574 crudelem
831 2521 861 2572 in
871 2535 929 2574 nro·

134 2593 198 2644 dum
209 2591 327 2644 afflictis.
