1986 2960
100 165 105 173 Ι
156 97 206 146 ιιι
434 99 460 144 c.
485 95 670 146 sonnonu
974 107 975 146 ι

155 204 374 285 discumbemus,
386 217 506 272 decimas
515 218 649 270 manitius
659 216 756 281 dabat,
766 223 798 268 ut
807 223 962 286 equestria

154 293 189 344 ab
204 293 298 344 infimo
315 308 424 362 quoque
444 297 650 360 occuparentur.
690 289 871 344 Gladiatorio
895 309 959 344 mu-

152 380 230 431 nere,
254 365 374 419 reductis
398 365 533 417 interdum
553 364 766 432 flagrantissimo
787 363 849 417 sole
870 368 958 432 veiis,

152 440 242 491 emitti
251 453 414 508 quemquam
428 439 551 490 vetabat:
570 444 731 506 remotoque
743 438 890 491 ordinario
904 456 957 508 ap-

152 520 266 582 paratu,
276 514 381 566 rabidis
395 511 462 564 fenis
475 511 625 563 vilissimos
635 512 712 562 senio
724 511 877 576 confectos,
889 514 956 580 gla-

130 599 132 610 ·
152 587 273 639 diatones
285 603 393 655 quoque
402 600 557 653 pegmares,
570 589 663 652 patres
673 583 842 636 familiarum
852 593 953 654 notos,

151 661 200 712 sed
209 661 330 728 insignes
344 660 486 712 debilitate
501 659 596 728 aliqua
610 660 748 726 corporis,
768 659 951 712 stobiicicbat.

150 735 408 803 ιιιιιοιιιιιιιιιιιιιιιιι,Ι
427 731 708 802 horreispraeclusis,
726 732 831 808 populo
843 731 951 786 famam

149 807 259 860 indixit.

205 879 318 933 xxvll.
330 877 947 948 Stevitiamingeuiiperhaecmaximeosten-

150 951 200 1006 dit.
239 953 328 1016 Quum
340 954 376 1006 ad
385 955 509 1022 saginam
519 953 638 1006 terarum
649 953 755 1005 muneri
764 961 948 1042 praeparata·

149 1042 210 1080 rum
221 1027 312 1080 corius
322 1029 439 1096 pecudes
450 1027 723 1096 comparationum&
731 1028 823 1080 noxiis
829 1024 946 1080 lanian-

150 1099 201 1152 dos
212 1103 367 1159 annotavit:
386 1108 414 1154 et
427 1101 614 1154 custodiarum
624 1102 722 1154 seriem
732 1117 946 1169 recognoscens,

149 1174 252 1230 nulllus
261 1177 384 1242 inspecto
395 1175 497 1242 elogio,
508 1181 584 1228 stans
593 1175 783 1228 tantummodo
794 1177 868 1226 ιιιιιι
878 1192 944 1243 por·

148 1250 234 1302 ticum
253 1249 385 1314 mediam,
406 1249 518 1302 ocalvo
533 1249 568 1300 ud
584 1248 690 1301 celuim
705 1249 769 1300 duci
785 1249 944 1317 imperavit.

149 1321 252 1374 Votum
263 1325 353 1391 exegit
363 1325 398 1376 ab
409 1339 455 1389 oo,
466 1324 515 1391 'qui
524 1339 574 1392 pro
586 1323 674 1375 salute
684 1338 736 1374 sua
745 1323 944 1390 giudiatoriam

151 1399 449 1464 operampromiserat,
469 1396 943 1465 spectavitqueferrodintieantcnu

150 1469 315 1523 necdimisit
324 1472 379 1522 uisi
388 1473 529 1536 victorem,
541 1478 568 1523 et
578 1477 642 1538 post
652 1471 751 1524 multas
762 1487 864 1539 preces.
895 1473 942 1523 Al-

148 1549 249 1606 terum,
271 1545 318 1612 qui
329 1561 358 1596 se
368 1547 518 1614 periturum
533 1561 566 1598 ea
582 1545 615 1598 de
632 1561 716 1598 caiisa
729 1551 854 1612 voverat,
876 1563 941 1598 cun-

150 1622 268 1668 ctantem
281 1619 374 1684 pueris
388 1619 517 1682 tradidit3
540 1619 716 1672 verbenatum
729 1619 940 1687 infulatumque,

148 1696 243 1741 votum
253 1698 438 1758 reposcentes,
453 1693 588 1761 pervices
599 1701 721 1760 agerent,
733 1693 825 1762 quood
835 1697 940 1761 praeci-

149 1765 284 1832 pitanetur
292 1780 326 1828 ex
337 1780 444 1833 aggere.
482 1767 587 1820 Multos
597 1767 706 1820 honesti
716 1768 833 1830 ordinis,
848 1767 941 1820 defor-

149 1845 239 1890 matos
249 1839 325 1906 prius
336 1841 494 1907 stigmatum
504 1842 593 1906 uotis,
607 1841 642 1892 ad
653 1839 764 1895 metulla
774 1847 801 1892 et
810 1841 940 1894 munitio·

148 1929 197 1965 nes
206 1913 312 1964 viarum
323 1920 371 1966 aut
386 1914 421 1966 ad
435 1915 539 1973 bestias
554 1916 756 1980 condemnavit,
777 1919 825 1966 aut
839 1915 939 1966 beotia-

69 2041 73 2049 ,
149 2003 209 2039 rum
224 2003 300 2040 moro
315 1987 505 2056 quadrupedes
520 2005 604 2041 cavea
618 1991 752 2054 eoirctu't,
772 1995 821 2040 aut
833 1989 939 2040 medios

149 2076 226 2114 serra
240 2062 384 2114 dissecuit..
417 2063 476 2116 Nec
490 2079 585 2116 onmes
597 2063 727 2131 gravibus
741 2078 775 2114 ex
785 2063 884 2125 cuiuis,
894 2079 939 2114 vc-

149 2151 209 2186 rum
218 2136 328 2188 maicde
338 2151 448 2189 munere
459 2152 509 2188 suo
521 2138 658 2204 opinatos,
664 2136 708 2188 vel
718 2136 792 2204 quod
801 2151 940 2202 utinquam

149 2224 198 2276 per
214 2207 330 2262 Genium
344 2226 423 2262 suum
438 2210 614 2262 deierasseut.
653 2209 784 2263 Parentes
803 2210 939 2277 supplicio

149 2280 270 2334 tiliorum
279 2285 410 2338 interesse
421 2285 546 2350 cogebat
568 2285 690 2345 Quorum
700 2287 748 2336 uni
757 2283 940 2336 valetudinem

148 2358 291 2408 excusanti
301 2359 426 2412 lecticam
436 2359 523 2409 misit.
544 2357 629 2410 alium
640 2375 655 2412 e
665 2357 821 2425 spectaculo
833 2372 937 2424 poenae

147 2427 236 2494 epulis
247 2432 340 2482 statim
351 2417 488 2495 adhibuit,
505 2437 586 2504 atque
598 2433 672 2486 omui
683 2433 812 2484 comitate
823 2431 858 2482 ad
868 2429 937 2483 hila-

148 2501 257 2552 ritatem
272 2505 321 2554 et’
312 2519 392 2556 iocos
405 2505 576 2572 provocavit
620 2507 779 2558 conatorem
798 2520 937 2557 munerum

148 2590 182 2626 uc
191 2577 379 2643 venationum,
399 2593 449 2646 per
462 2579 608 2634 continuos
622 2580 680 2633 dies
689 2581 727 2630 in
730 2585 876 2648 conspectu
885 2596 936 2632 suo
