1992 2962
228 127 429 176 CLAUDIUS.
464 128 543 174 cAP.
562 129 678 176 its-at.
792 129 847 181 ’219

3 279 5 282 -
52 249 173 318 expavit,
184 254 215 300 ut
225 249 379 317 deponere
370 251 515 316 impenum
524 253 678 302 tentaverit
710 252 846 318 Quodam,
874 260 877 266 '

3 293 7 386 l
50 331 83 376 ut
93 339 178 390 supra
188 323 281 388 retuli,
303 340 364 374 cum
378 325 452 376 ferro
469 326 542 376 circa
552 326 751 376 sacrificantem
762 341 791 378 se
802 327 846 378 de-

3 415 5 484 p
37 397 201 469 prehenso,
222 404 345 448 senatum
360 413 409 466 per
422 414 572 466 praecones
586 415 701 468 propere
712 415 846 452 convoca·

3 491 4 538 ι
50 475 104 534 vit3
125 471 301 540 lacrimisque
316 477 343 522 et
357 471 556 525 vociferatione
570 473 714 524 miseratus
729 480 771 525 est
781 488 844 526 con-

51 547 184 598 ditionem
200 561 290 609 suam,
312 546 357 597 cui
370 545 442 596 nihil
454 547 637 615 tutiusquam
649 553 733 610 esset3
754 563 787 599 ac
796 547 844 599 diu

50 620 163 689 publico
176 620 316 672 abstinuit.
355 619 533 673 Messallinae
545 636 653 689 quoque
664 635 785 672 amorem
794 621 843 672 lla·

50 695 268 763 grantissimum‚
288 699 414 745 nontam
427 695 592 762 indignitate
607 695 842 758 contumeliarum,

2 783 134 856 squam
145 767 261 836 periculi
270 773 343 818 metu
345 767 474 832 ‚abiecit
487 783 569 837 quum
580 768 704 820 adultero
717 768 787 820 Silio
798 784 843 820 ac·

3 829 126 912 quiri
138 842 282 909 imperium
298 841 470 894 credidisset·
491 857 545 910 quo
560 848 682 909 tempore
693 841 822 894 foedum
813 859 843 895 ιιι

51 916 163 969 modum
178 915 301 982 trepidus
316 915 351 965 ad
367 921 458 967 castra
474 915 610 1004 confugit,
630 915 700 966 nihil
713 923 774 968 tota
787 918 842 981 via,

2 1004 5 1049 ι
51 1005 144 1060 quam,
154 995 260 1042 essetne
271 990 325 1057 sibl
335 988 459 1040 salvum·
450 991 603 1057 imperium,
614 990 764 1056 requirens.

107 1062 247 1114 xxxvii.
259 1063 343 1114 Nulla
353 1063 423 1115 adeo
435 1064 566 1130 suspicio,
577 1063 673 1115 nullus
680 1070 777 1115 auctor
785 1071 844 1116 tam

3 1191 4 1202 ,
50 1139 120 1191 levis
130 1137 247 1200 exstitit,
269 1151 350 1204 aquo
361 1151 430 1202 non,
448 1136 582 1189 mediocri
592 1138 720 1204 scrupulo
729 1138 843 1203 iniecto,

3 1225 5 1272 ι
52 1211 248 1264 adcavendum
257 1210 496 1278 ulciscendumque
512 1211 729 1278 compelleretur.
767 1213 845 1265 Unus

51 1302 84 1339 ex
94 1285 282 1352 litigatoribus
293 1283 405 1336 seducto
416 1285 445 1337 in
456 1284 622 1336 salutatione
633 1283 792 1350 affirmavit,
803 1287 843 1338 vi-

51 1362 124 1412 disse
143 1375 240 1427 seper
261 1360 391 1428 quietem,
412 1358 503 1410 occidi
517 1373 578 1410 eum
593 1359 758 1427 aquodam:
779 1361 842 1412 dein

3 1471 4 1474 ,
50 1433 144 1502 paullo
152 1437 234 1500 post,
244 1434 325 1502 quasi
334 1445 522 1500 percussorem
533 1440 706 1500 agnosceret,
718 1433 842 1487 libellum

48 1508 203 1561 tradentem
218 1508 404 1560 adversarium
420 1523 499 1558 suum
519 1507 729 1572 demonstravit3
750 1509 841 1561 confe-

51 1584 169 1650 stimque
187 1583 212 1633 is
232 1597 283 1648 pro
304 1579 473 1648 deprehenso
494 1582 530 1633 ad
549 1597 666 1649 poenam
680 1587 775 1649 raptus
790 1590 840 1635 est.

50 1656 117 1707 Pari
127 1655 209 1707 modo
222 1671 380 1723 oppressum
391 1655 603 1732 leruntAppium
614 1655 751 1708 Silanum:
761 1672 842 1727 quem

50 1720 300 1798 qurunMe'ssallina
310 1736 337 1781 et
347 1725 494 1782 Narcissus
505 1731 709 1797 conspirassent
718 1731 840 1798 perdere,

50 1803 146 1855 divisis
166 1805 303 1870 partibus,
325 1803 395 1855 alter
415 1811 477 1856 ante
496 1805 584 1856 lucem
598 1805 697 1857 siiuilis
712 1806 840 1868 attonito,

2 1912 6 1939 ι
3 1877 161 1945 patroni
180 1878 335 1930 cubiculum
349 1879 461 1946 irrupit,
483 1879 622 1929 affirmans
636 1878 788 1930 somniasse
802 1893 841 1941 se,

3 1995 4 2010 ,
48 1953 104 2003 vim
120 1951 146 2002 ei
160 1952 194 2002 ab
208 1953 297 2020 Appio
316 1952 436 2003 illatam=
460 1952 561 2015 altera,
581 1953 611 2002 in
630 1951 840 2004 admirationem

48 2026 181 2089 formata,
202 2027 257 2076 sibi
278 2040 386 2094 quoque
401 2025 515 2078 eandem
529 2025 649 2092 speciem
663 2023 771 2090 aliquot
782 2025 839 2076 iam

47 2101 175 2152 noctibus
186 2101 328 2153 obversari
338 2099 440 2151 retulit.
479 2099 537 2150 Nec
550 2098 637 2150 multo
648 2104 755 2164 poster
767 2113 838 2149 com-

47 2175 159 2242 posito'
150 2189 318 2242 irrumpere
311 2174 414 2240 lppius
424 2172 584 2236 nunciatus,
596 2187 641 2224 cur
632 2171 752 2239 pridie,
764 2172 839 2224 adid

45 2248 179 2316 temporis
192 2253 225 2299 ut
238 2247 360 2310 adesset,
380 2252 555 2334 praeceptum
570 2252 653 2321 erat,
662 2245 744 2312 quasi
757 2244 839 2313 plane
902 2267 905 2274 ¹

46 2327 298 2389 repraesentaretur
307 2321 407 2372 somnii
399 2321 497 2384 'tides,
509 2321 612 2371 arcessi
621 2303 713 2370 statim
725 2333 758 2371 oc
766 2319 839 2372 mori
847 2345 864 2378 a

45 2397 138 2447 iussus
152 2401 201 2447 est.
240 2395 298 2446 Nec
312 2394 448 2446 dubitavit
462 2400 573 2461 postero
589 2393 633 2444 die
649 2393 779 2446 Claudius
794 2408 838 2447 or·

3 2485 4 2492 ¹
45 2470 136 2523 dinem
147 2470 189 2522 rei
198 2475 292 2537 gestae
302 2467 421 2538 perferre
432 2468 467 2517 ad
477 2474 610 2532 senamm,
623 2483 655 2518 ac
666 2467 764 2530 liberto
775 2483 837 2536 gra·

42 2544 99 2596 tias
114 2559 208 2612 agere,
229 2544 304 2612 quod
318 2557 370 2624 pro
384 2541 473 2594 salute
488 2557 539 2594 sua
550 2543 633 2594 etiam
644 2542 781 2595 dormiens
792 2557 836 2594 ex-

45 2620 166 2672 cubaret.
