1986 2960
183 134 232 188 158
458 135 485 180 C.
510 129 696 181 SUETONll

145 271 147 278 ’
186 257 283 326 Syriae
302 255 488 325 praepositus,
512 268 563 304 nec
586 252 761 304 dissimulans
781 249 977 306 offendendum

184 332 239 384 sibl
249 337 297 382 aut
306 335 410 400 patrem
421 333 468 378 aut
478 326 572 389 lilium,
583 327 664 393 qrresl
673 325 754 393 plane
762 325 804 375 ita
813 340 924 379 neeesse
935 345 975 380 es-

184 411 237 470 set,
258 405 342 458 etiem
355 415 465 468 aegnuu
481 399 673 450 Germanicum
687 399 857 466 gravissimis
876 403 975 453 verbo·

182 493 244 530 rum
259 492 292 529 ae
305 491 396 528 rerum
411 473 621 536 acerbitatibus,
641 472 717 524 nullo
738 470 863 525 adhibito
879 476 973 538 modo,

91 585 95 590 -
184 551 289 604 affecit:
309 555 514 617 propterquae,
534 551 566 596 ut
574 546 689 597 Romam
704 546 799 610 rediit,
820 561 907 616 paene
919 549 972 600 die-

184 630 293 694 carptus
303 638 320 674 a
330 621 442 690 poprrlo,
454 625 578 671 asenatn
588 619 686 686 capitis
697 618 842 670 damnatus
852 626 903 672 est.

237 697 285 750 lll.
306 696 405 748 Omnes
416 692 580 744 Germanico
595 692 720 759 corporis
735 693 873 763 animique
887 695 971 746 virtu-

109 829 110 834 ,
182 779 232 836 tes,
243 777 271 824 et
280 773 397 840 quantas
407 767 509 819 nemini
520 767 659 834 cuiquam,
671 766 820 833 contigisse
830 767 898 818 satis
909 784 970 822 eon-

182 851 251 897 stat:
274 843 392 895 formem
406 847 433 894 et
446 837 637 893 fortitudinem
656 840 808 906 egregiam
832 841 970 908 ingenium

181 921 211 972 ln
219 923 337 987 utroque
352 914 525 982 eloquentiae
538 912 734 981 doctrinaeque
744 927 841 980 genere
850 911 969 980 praecel-

143 1005 147 1012 “
181 989 482 1055 lens3benevolentiam
492 987 657 1054 singularem
669 987 913 1055 conciliandaeque
922 987 969 1040 ho-

169 1067 284 1119 minum
298 1063 404 1132 gratiae
419 1077 452 1114 ac
466 1059 640 1129 promerendi
654 1061 756 1112 amoris
770 1061 867 1112 mirum
877 1067 906 1112 ct
916 1064 969 1114 elli-

182 1155 234 1193 cax
248 1139 377 1190 studium.
414 1135 532 1188 Formae
545 1134 634 1185 minus
649 1135 817 1202 congruebat
830 1135 970 1202 gracilitas

182 1229 303 1278 mamm,
324 1211 372 1264 sed
387 1225 420 1262 ea
435 1223 544 1278 quoque
558 1207 702 1276 paullatim
721 1208 838 1275 repleta,
859 1209 970 1261 assidua

182 1289 246 1357 eqni
255 1286 409 1340 vectatione
417 1290 482 1353 post
493 1283 592 1335 cibum.
629 1281 745 1333 Hostem
755 1283 879 1334 cominus
888 1298 969 1352 saepe

181 1361 324 1429 percussit.
364 1359 568 1412 0raviteausas
582 1355 665 1407 etiam
679 1354 867 1428 triumphalis3
888 1359 977 1426 atque

180 1436 252 1485 inter
263 1440 353 1486 cetera
363 1432 516 1484 studiorum
524 1434 700 1482 monumenta
710 1430 823 1500 reliquit
831 1435 968 1484 etcomoe·

182 1507 243 1560 dias
254 1506 383 1560 Graecas.
422 1505 507 1557 Domi
516 1503 640 1570 forisque
651 1503 751 1566 civilis3
771 1503 860 1556 libera
870 1520 903 1556 ae
913 1505 968 1557 loe·

182 1582 278 1633 derata
292 1580 395 1648 oppida
410 1581 469 1631 sine
478 1578 623 1631 lictoribus
633 1577 736 1629 adibat.
776 1576 871 1629 Sicubi
881 1578 967 1630 claro·

181 1669 242 1707 rum
251 1655 372 1706 virorum
381 1653 706 1721 sepuleraeognoseeret,
716 1649 830 1702 inferias
840 1651 969 1704 Manibus

181 1728 274 1780 dabat.
313 1728 462 1781 (laesorum
476 1726 554 1778 clade
563 1723 686 1777 Variana
699 1728 802 1775 veteres
818 1739 852 1774 ae
864 1726 967 1794 disper-

181 1817 226 1855 sas
239 1801 369 1870 reliquias
388 1817 443 1852 nno
462 1800 567 1852 tomulo
582 1797 753 1860 maecenas,
775 1797 906 1864 colligere
920 1815 968 1850 sua

180 1891 275 1940 manu,
291 1881 318 1926 et
333 1879 505 1942 comportare
514 1875 618 1942 primm
629 1877 833 1940 aggressusest.
873 1873 966 1924 Obtre-

181 1951 331 2004 ctatoribus
342 1949 436 2012 etiam,
457 1949 658 2016 qualescunque
672 1951 700 1998 et
714 1951 925 2015 quantacunque
934 1947 967 1998 de

180 2039 264 2078 causa
272 2028 369 2075 naetrrs
379 2028 459 2086 esset,
470 2021 619 2073 lenisadeb
631 2026 658 2071 et
667 2021 796 2072 innoxius
801 2055 810 2082 ,
821 2027 853 2070 ut
862 2019 965 2082 Pisoni,

179 2097 535 2159 decretasuereseindenti‚
555 2093 698 2146 clientelas
706 2094 755 2144 diu
768 2095 891 2158 vexanti,
911 2109 965 2146 uon

178 2173 255 2242 prius
265 2185 422 2223 succensere
432 2171 461 2220 in
472 2170 592 2220 animum
605 2167 756 2231 induxerit,
777 2181 859 2235 quam
868 2168 964 2220 venefi-

179 2247 231 2298 ciis
245 2258 353 2313 quoque
367 2249 395 2296 et
408 2243 600 2294 devotionibus
613 2241 770 2308 impugnari
780 2256 809 2294 se
819 2243 963 2310 comperis-

178 2326 231 2371 set=
252 2315 520 2384 acuetuncquldem
530 2315 604 2366 ultra
617 2328 791 2383 progressus,
807 2328 889 2383 quam
899 2322 931 2366 ut
940 2320 964 2365 et

177 2393 328 2444 amicitiam
338 2392 365 2443 el
374 2406 450 2443 more
459 2390 595 2440 maiorum
605 2390 791 2451 renunciaret,
811 2389 962 2441 mandaret-

178 2477 229 2529 que
240 2463 397 2516 domesticis
407 2464 548 2525 ulti'onem,
559 2463 584 2512 si
594 2461 660 2528 quid
670 2462 726 2512 sibi
736 2461 881 2514 accideret.

231 2535 278 2587 IV.
300 2538 421 2597 Quemne
435 2537 565 2586 viritutum
579 2534 699 2584 fraretum
711 2535 878 2586 uberrimum
892 2536 960 2594 tulit,

176 2609 358 2677 sicprobatus
369 2615 397 2660 et
406 2608 548 2659 dilectura
562 2607 632 2670 suis,
646 2612 678 2657 ut
686 2606 823 2672 Augrrsms
828 2645 836 2672 ,
854 2610 961 2672 (omitto
