1992 2962
135 127 186 180 aad
412 130 440 177 0.
467 127 650 178 8ὕΕΤοΝΠ

134 251 240 324 pultine
260 250 370 317 addito,
391 267 474 322 quum
491 251 567 304 velut
586 243 749 304 exhaustum
768 251 846 304 refici
865 253 929 308 cibo

135 332 288 395 oporteret,
301 341 336 378 an
345 328 469 378 immisso
479 341 528 394 per
539 327 696 394 clysterem,
711 330 744 377 ut
753 327 835 392 quasi
843 327 929 380 abun·

135 401 231 474 duntia
245 401 386 454 laboranti
399 401 483 453 etium
496 399 550 452 boc
562 414 662 468 genere
672 401 822 468 egestionis
832 402 929 454 subre-

190 547 277 600 XLV.
296 547 374 602 Mors
385 548 444 600 eius
455 547 544 601 celata
553 554 608 612 eat,
626 547 717 618 donec
731 547 807 600 circa
819 563 927 602 succes-

134 637 224 676 sorem
235 623 329 676 omnis
339 622 539 674 ordinarentur.
575 622 673 689 ltaque
687 627 716 673 et
730 623 870 691 quaslpro
882 637 927 676 ae·

134 713 184 766 gro
196 695 360 748 adhuovota
370 701 498 764 suscepto
507 700 583 760 sunt,
603 702 631 748 et
640 696 746 750 inducti
755 711 805 764 per
814 697 927 750 simula·

132 773 236 824 tionem
248 770 383 834 comoedi,
395 771 443 838 qui
451 768 526 821 velut
535 768 736 822 desiderantem
746 768 926 823 oblectarent.

132 845 259 897 Excessit
267 845 350 895 tertio
361 843 568 907 idusOctobria,
578 843 823 908 AsinioMaroplle,
835 845 925 900 Acilio

133 919 232 970 Aviola
243 918 414 982 consulibus,
426 923 525 986 quarto
536 923 564 968 et
573 919 745 985 sexagesimo
757 919 866 983 aetatis,
875 919 927 972 iu-

131 993 205 1062 perii
223 991 430 1063 quartodecimo
451 1007 533 1044 anno.
570 991 725 1044 Frmeratus
744 997 786 1044 est
798 993 928 1045 sollemni

131 1067 286 1136 principum
306 1080 420 1133 pompe,
441 1072 468 1117 et
485 1067 515 1116 in
530 1079 671 1118 numerum
685 1066 798 1117 deorum
811 1066 926 1120 relatis.

134 1141 221 1202 Quem
235 1139 380 1204 bonorem,
402 1140 538 1192 aNerone
551 1138 712 1191 destitutum
725 1139 924 1209 abolitumque,

131 1228 194 1266 rece
212 1215 236 1266 it
245 1229 309 1267 mox
320 1229 369 1282 per
377 1213 586 1281 Vespasianum.
744 1225 748 1230 ·

240 1287 287 1340 Vl.
307 1287 458 1358 Praesagia
467 1288 566 1340 mortis
576 1287 635 1340 cius
645 1287 795 1355 praecipua
804 1287 925 1354 fuerunt,

132 1368 245 1416 exortus
260 1361 375 1415 crinitae
389 1363 497 1426 stellae,
518 1375 599 1429 qaam
615 1367 737 1413 comm
752 1367 866 1425 vocarit3
884 1369 927 1416 ta·

129 1443 260 1503 tutusque
280 1437 314 1488 dc
334 1437 412 1489 coelo
437 1434 745 1492 mouumentumDrusi
767 1436 870 1504 petrin
900 1445 928 1490 et
985 1437 986 1444 ’

133 1509 208 1578 quod
221 1509 318 1562 eodem
333 1524 405 1562 anno
420 1525 454 1561 ex
468 1510 590 1564 omnium
603 1509 813 1576 magistratuum
827 1524 927 1576 genere

73 1639 80 1648 N
131 1584 256 1654 plerique
269 1588 383 1636 mortem
399 1584 534 1635 obierant.
573 1582 628 1635 Sed
640 1598 691 1638 nec
704 1584 764 1650 ipss
781 1584 928 1651 &nomae

133 1663 182 1710 aut
192 1657 380 1708 dissimulasse
392 1657 493 1709 ultima
505 1657 579 1708 vitae
592 1671 659 1712 tuae
672 1663 799 1724 tempora
807 1658 926 1723 videtin,

134 1731 242 1798 aliquot
251 1730 360 1799 quidem
372 1731 547 1798 argumentis.
584 1729 927 1798 Nameiquurnconmles

133 1805 303 1872 designaret,
318 1805 451 1856 neminem
461 1804 535 1856 ultra
543 1819 677 1869 moereas,
693 1819 747 1872 quo
759 1806 843 1870 obiit,
855 1805 927 1858 desi-

133 1879 241 1949 gnavit,
253 1884 280 1930 et
289 1879 318 1930 in
329 1885 438 1941 senatu,
451 1879 497 1929 cai
505 1879 653 1930 novissime
662 1876 926 1943 municiunculam

134 1953 172 2004 ad
191 1953 368 2006 concordiam
382 1953 484 2004 liberos
504 1967 569 2006 suos
590 1951 764 2018 mbcuams,
783 1955 928 2021 utriusque

134 2033 252 2080 amarem
273 2027 432 2096 suppliciter
450 2027 576 2096 putribus
594 2019 805 2080 commendarit.
843 2027 880 2078 Et
898 2029 927 2080 lu

132 2102 233 2154 ultime
243 2102 400 2169 cognitione
409 2115 459 2168 pro
469 2101 610 2164 trlbssnuli,
619 2099 758 2154 Μουκίου
767 2117 793 2152 ee
803 2102 840 2152 ad
840 2101 929 2170 fissas

133 2175 317 2238 mortaiitatis,
342 2189 498 2246 quanquam
523 2174 745 2230 abominantibus
765 2176 813 2242 qui
832 2175 928 2228 audic-

132 2249 210 2314 bant,
221 2251 304 2302 semel
315 2256 396 2318 atque
405 2250 504 2302 iterum
513 2249 715 2316 pronunciarit.

407 2436 647 2501 *oso——
