1986 2960
256 137 453 186 CALIGULA.
488 139 567 186 GAP.
583 140 700 187 29-38·
822 140 872 191 17⁷

75 259 140 324 des,
150 257 262 323 famem,
273 259 470 328 pestilentiam,
483 259 624 325 incendia,
637 257 742 312 blatum
753 261 872 333 aliquem

73 339 171 388 terrae
182 334 304 400 optabat.

135 439 250 494 xxxii.
270 440 395 492 annuum
406 455 514 508 quoque
529 439 688 505 remittenti,
709 440 829 510 ludoque
844 451 872 497 et

74 513 169 582 epulis
179 513 286 578 dedito,
301 514 395 566 eadem
411 513 546 566 dictorum
555 512 744 581 factorumque
755 517 871 568 saevitia

52 587 185 648 ,aderat
224 586 312 655 Saepe
325 587 355 638 in
370 593 518 656 conspectu
531 586 689 655 prandentis
707 589 751 640 vel
771 591 869 641 comis-

74 661 167 712 santis
179 660 269 712 seriae
282 661 456 729 quaestiones
471 676 520 727 per
532 666 669 713 tormenta
688 659 867 715 habebantur.

72 734 160 786 Miles
170 733 324 786 decollandi
336 733 434 786 artifex
445 735 651 802 quibuscunque
660 749 676 786 e
686 737 813 787 custodia
823 752 867 789 ca-

73 808 137 880 pita
147 807 316 873 amputabat.
350 805 482 872 Puteolis,
493 807 666 860 dedicatione
675 809 776 875 pontis,
787 825 867 878 quem

75 881 264 946 excogitatum
275 881 309 931 ab
320 896 353 932 eo
364 881 590 950 significavimus,
605 896 688 948 quum
698 884 798 935 multos
809 900 823 935 e
834 883 866 934 li·

74 960 139 1006 tore
153 953 297 1006 invitasset
309 954 345 1005 ad
360 969 401 1018 se,
422 960 532 1024 repente
552 969 645 1007 omues
665 957 866 1024 praecipitavit.
873 985 875 988 ·

77 1025 230 1090 Quosdam,
235 1027 420 1094 gubernacula
430 1027 669 1097 apprehendentes,
676 1029 764 1080 contis
773 1031 866 1081 remis

76 1115 131 1169 que
142 1096 275 1151 detmsit
266 1116 296 1150 ru
305 1116 389 1154 mare.
422 1101 527 1156 Romae
536 1102 647 1169 publico
659 1103 740 1168 epulo
750 1118 866 1167 servum,

77 1174 115 1226 ob
135 1172 285 1225 detractam
305 1174 384 1224 lectis
404 1182 559 1242 argenteam
579 1175 722 1240 laminam,
744 1178 866 1228 carnifici

76 1244 220 1318 confestim
231 1247 358 1310 tradidit,
372 1253 415 1310 ut,
434 1248 699 1300 manibnsabscissis
711 1254 866 1317 atqueante

74 1325 171 1388 pectus
182 1335 197 1372 e
208 1321 280 1372 collo
296 1284 487 1387 pendentibus,
508 1319 686 1386 praecedente
699 1323 794 1387 titulo,
816 1325 864 1412 qui

75 1407 188 1446 eausam
198 1408 303 1461 poenae
312 1393 448 1445 indicaret
450 1408 518 1460 ,per
529 1400 622 1445 coetus
633 1395 799 1460 epulantium
812 1399 863 1449 cir·

76 1466 290 1520 eumduceretur.
329 1464 525 1520 Mirmillonem
536 1465 636 1530 eludo,
647 1468 761 1520 rudibus
772 1487 862 1524 secum

73 1541 230 1595 batuentem
241 1547 268 1592 et
278 1546 374 1610 sponte
384 1547 560 1610 prostratum,
566 1539 817 1596 confoditierrea'
794 1559 862 1609 saca,

77 1629 111 1666 ac
124 1628 200 1668 more
213 1615 347 1666 victorum
363 1630 422 1666 cum
433 1615 525 1683 palrna
535 1609 709 1667 discucurrit.¹
745 1618 864 1671 Admota

77 1685 211 1740 altaribus
221 1689 346 1753 victinm,
361 1690 514 1742 succrncms
523 1703 657 1757 poparum
667 1687 777 1757 habrtu
787 1691 861 1744 elato

76 1761 131 1814 alte
141 1761 253 1826 malleo,
274 1761 433 1814 ordinarium
446 1764 585 1817 mactavit.
623 1761 755 1818 Lautiore
770 1767 862 1818 couvi·

74 1835 120 1888 vlo
132 1833 234 1888 elusus
244 1835 336 1888 subito
347 1836 376 1886 in
387 1835 543 1902 cachinnos,
550 1836 716 1901 consulibus,
727 1839 775 1904 qni
783 1840 862 1891 iuxta

75 1907 224 1974 cubabant,
250 1909 379 1978 quidnam
402 1911 517 1976 rideret,
540 1909 640 1962 blande
660 1912 860 1977 quaerentibus,

77 1981 158 2048 Quid,
168 1981 270 2049 lnquit,
282 1981 334 2034 nisi
342 1999 393 2034 utro
403 1999 459 2038 meo
469 1993 535 2038 autu
544 1981 664 2053 iugulari
671 1991 810 2051 utrumque
820 2001 861 2038 oe·

73 2055 354 2124 strumstutimporse?

126 2170 253 2224 xllxlll.
272 2171 346 2222 luter
360 2172 454 2224 varios
470 2171 563 2235 iocos,
584 2185 667 2238 quum
682 2169 813 2224 assistens
823 2175 858 2226 sl·

72 2243 194 2297 mulacro
205 2244 279 2314 loeis
288 2245 409 2312 Apellem
419 2245 581 2312 tragoedum
592 2243 787 2312 ccnmlutsset,
797 2254 859 2301 uter

71 2319 115 2370 1111
132 2319 222 2372 malon
241 2319 391 2384 videretur,
412 2322 582 2386 ermetantem
601 2317 718 2385 flagellis
732 2318 856 2384 discidit3

72 2391 232 2446 collaudans
242 2392 358 2448 subinde
367 2407 461 2444 nomm
476 2391 659 2458 deprecantis,
680 2394 761 2460 qnasi
774 2395 856 2448 mam

70 2466 402 2535 ingemimpraedulcem.
441 2465 555 2526 Quoties
565 2465 660 2518 uxoris
669 2466 713 2518 vel
723 2468 857 2534 auriculae

72 2539 170 2594 collum
181 2541 395 2604 exoscularetur,
407 2538 539 2603 addebat,
553 2536 620 2592 Tam
630 2539 697 2592 boue
707 2541 807 2604 cente,
822 2543 856 2593 ai·

71 2614 275 2678 mulcetumro,
290 2615 440 2668 damnetur.
480 2613 858 2678 tlrriuetaublndeiaetabat,

103 2706 244 2755 suanos.
453 2705 463 2718 ¹
625 2707 653 2752 M
