1992 2962
271 131 471 182 susumus.
506 111 749 182 caasa-as(
841 131 892 184 21⁷

96 257 203 310 sarium
220 253 320 308 Fucini
339 255 429 320 lacus,
454 269 488 307 ac
505 269 592 322 paene
612 257 782 322 submersus,
808 272 892 324 quma

94 332 198 385 emissa
211 331 316 398 impetu
330 345 404 398 aqua
417 329 606 382 redundasset.
644 330 800 383 Adhibebat
817 332 893 384 omni

96 420 202 458 coenae
212 410 240 456 et
249 405 352 456 liberos
362 419 442 468 suos,
454 419 515 456 cnm
525 405 618 471 pueris
628 405 782 474 puellisque
791 406 892 457 nobili

97 480 159 544 bus,
171 479 219 547 qui
229 493 305 532 more
313 479 401 530 veteri
411 478 447 530 ad
456 478 547 530 isalcra
560 478 694 530 lectorum
709 479 834 532 sedentes
847 494 891 532 ve·

97 555 248 607 uterentur.
287 553 438 617 cosdrae,
460 553 508 620 qui
522 553 612 620 pridie
625 552 760 621 scyphum
779 568 893 605 aureum

95 628 265 695 surripuisse
278 627 501 691 existimabatur,
521 635 651 680 revocato
670 629 700 679 in
714 629 787 680 diem
800 632 891 694 poste·

96 715 168 767 rum,
179 701 293 754 calicem
302 701 413 754 fictilem
425 703 563 768 apposuit.
593 701 704 754 Dicitur
714 703 797 754 etiam
807 701 892 754 medl-

97 782 172 828 tatus
183 775 316 840 edictum,
335 789 386 842 quo
399 775 502 828 atomos
513 775 589 828 duret
600 774 701 846 flotam
715 775 893 844 crepitumque

96 848 359 903 massacellam
370 849 513 914 emittendi,
520 865 603 917 quum
612 851 798 917 periclitatum
809 865 892 918 queu-

97 923 162 976 dam
172 939 239 991 prae
248 922 356 992 pudore
365 938 400 975 ex
411 924 581 976 coutinentia
590 927 746 992 reperisset.
906 977 910 982 ,

152 997 280 1050 xxxin.
301 998 364 1049 Cibi
376 999 488 1065 vinique
503 1013 666 1068 quocunque
679 1006 708 1052 et
720 1007 844 1067 tempore
864 1004 893 1050 et

96 1073 161 1128 loco
172 1071 421 1140 appetentissimus.
461 1073 636 1140 cognoscens
650 1074 789 1142 quondam
798 1073 828 1125 in
838 1073 891 1124 llu-

3 1175 4 1190 κ
95 1147 171 1216 gusti
180 1147 253 1210 foro,
264 1147 389 1212 ictusque
398 1146 496 1198 nidore
506 1148 629 1215 prandii,
641 1149 716 1216 quod
725 1149 755 1199 in
764 1147 892 1214 proxima

96 1221 197 1275 Martis
218 1221 285 1272 aede
306 1219 390 1272 Saliis
410 1222 609 1287 apparabatur,
630 1223 739 1274 deserto
759 1221 894 1273 tribunall

97 1293 449 1359 ucenffitadsacerdotes,
469 1309 579 1362 unaque
594 1296 742 1348 discubuit.
780 1295 839 1348 Nee
853 1301 893 1348 te·
992 1317 993 1320 ¹

6 1387 20 1408 a
97 1383 171 1426 mere
183 1383 305 1437 uuquam
323 1367 447 1420 triclinio
468 1369 616 1434 abscessit,
636 1371 693 1421 nisi
710 1370 894 1442 distentuslac

96 1445 222 1508 madeus,
243 1449 271 1496 et
280 1448 311 1496 ut
321 1443 414 1498 statim
425 1443 538 1509 supino,
557 1457 784 1511 acpersomnnm
794 1443 892 1507 hianti,

2 1567 3 1570 ,
97 1521 183 1589 pluna
195 1520 226 1570 in
242 1533 274 1570 os
288 1518 430 1570 inderetur
443 1517 479 1568 ad
493 1519 698 1570 exonerandum
711 1517 893 1572 stomachum.

95 1593 195 1650 Somni
208 1591 364 1645 brevissimi
378 1597 452 1657 erat,
473 1595 549 1657 (nam
564 1599 628 1645 aute
647 1593 893 1646 mediam-noctem

1 1699 3 1736 3
96 1667 258 1738 plerumque
273 1667 449 1734 evigilabatr)
477 1671 509 1718 ut
522 1673 615 1720 tamen
628 1669 750 1721 interdiu
768 1681 893 1720 nonnem-

97 1742 290 1810 quaminiure
300 1740 417 1794 &sendo
427 1737 657 1806 obdormisceret,
678 1743 779 1812 vixque
795 1743 829 1794 ab
845 1741 895 1792 ad-

96 1817 217 1880 vocatis,
232 1816 265 1869 de
274 1814 411 1868 industria
420 1831 515 1868 vocem
526 1818 702 1883 augentibus,
717 1817 892 1868 excitaretur.

95 1890 235 1943 Libidinis
245 1892 275 1943 in
284 1882 632 1958 lemineeprolusissiinae,
652 1891 768 1942 marium
780 1890 892 1942 omnino

2 1986 4 2000 ¹
96 1981 204 2033 expers.
242 1965 310 2017 Alea
323 1964 526 2016 studiosissime
539 1963 619 2016 lusitr
644 1964 678 2016 de
693 1964 771 2016 cuius
786 1969 846 2016 arte
859 1963 892 2015 ll·

2 2077 3 2080 ¹
96 2040 176 2094 hrum
188 2053 297 2108 quoque
307 2039 411 2091 emisit:
431 2039 531 2091 solitus
546 2040 629 2091 etiam
643 2039 673 2089 iu
687 2038 842 2106 gestatione
851 2037 893 2090 lu·

95 2115 171 2178 dere,
181 2115 223 2166 ita
233 2113 330 2167 essedo
341 2113 475 2181 alveoque
485 2113 634 2181 adaptatis,
645 2129 678 2165 ne
689 2113 765 2164 lusus
780 2111 894 2165 eonfrin-

95 2189 217 2242 deretur.

152 2261 282 2315 XXXIV.
302 2261 419 2316 Saevum
429 2269 458 2314 et
471 2263 679 2330 sanguinarium
689 2259 894 2326 uatsuafuissc,

87 2339 206 2405 ·roaguis
215 2338 391 2405 minimisque
401 2338 530 2404 apparuit
539 2339 630 2390 rebus.
650 2339 894 2404 'formentaquae

94 2413 218 2465 stionum
246 2426 405 2480 poenasque
434 2412 635 2478 parricidarum
659 2411 893 2480 repraesentabat,

94 2488 278 2556 erigebatque
293 2500 396 2538 coram.
436 2486 526 2548 Quum
546 2493 670 2552 spectare
686 2486 794 2554 antiqui
807 2484 894 2536 moris

95 2561 263 2629 supplicium
273 2560 373 2612 'l'iburi
384 2559 566 2627 concupisset,
577 2566 604 2612 et
614 2560 744 2628 deligatis
754 2559 790 2612 ad
799 2558 894 2626 palum

97 2636 191 2690 noxiis
207 2635 331 2692 tamise:
346 2635 464 2702 deesset,
486 2635 604 2688 accitum
620 2635 656 2689 ab
665 2635 739 2689 Urbe
752 2647 894 2703 vesperam
