1964 2962
778 500 798 543 d

169 697 338 766 noni
381 647 848 765 oonsil'vi'on

172 982 224 1064 Α.
234 1003 361 1058 Pansms
370 1005 504 1058 Fanooos
513 1011 595 1057 uatus
606 1010 648 1058 est
656 1005 747 1073 pridie
755 1005 854 1058 Nonas
859 1005 920 1060 De-

116 1075 202 1128 oemh
216 1077 306 1131 Fabio
324 1079 451 1145 Persico,
470 1079 504 1131 L.
522 1079 650 1144 Vitellio,
672 1081 764 1148 coss.;
793 1079 920 1134 decessit

114 1148 188 1201 Vill.
199 1151 341 1206 Kalendas
349 1151 625 1218 Decemb.P.Mari0‚
630 1154 726 1206 Asinio
737 1152 820 1206 Gallo
834 1155 918 1208 Coss.
961 1181 962 1184 ¹

172 1223 262 1278 Natus
285 1229 315 1280 in
338 1227 452 1280 Etrusi'a
470 1225 638 1292 volaterris,
659 1242 742 1298 eques
761 1227 920 1294 Romanus,
961 1223 962 1298 l

117 1301 920 1445 tilithitisti‘ldtlltlthtffitdt

119 1446 191 1503 suis.
225 1447 309 1518 Pater
319 1451 379 1503 eius
388 1449 506 1504 Fiaoeus
516 1449 651 1519 pupilium
661 1449 774 1517 reliquit
783 1451 919 1516 mutiens,

120 1535 255 1574 annorum
273 1521 331 1576 fere
350 1539 407 1576 sex.
445 1523 546 1577 Fulvia
565 1523 693 1578 Sisennia
713 1531 801 1576 mater
820 1527 920 1594 nupsit

117 1602 216 1663 postea
225 1590 320 1662 Fusio,
332 1598 420 1666 equiti
428 1597 567 1652 Romano:
586 1604 615 1651 et
624 1613 686 1650 eum
696 1612 806 1668 quoque
816 1599 920 1651 extulit

118 1671 306 1739 lutrapauoos
317 1686 414 1724 annos.
453 1671 566 1726 studuit
578 1671 696 1725 Flaccus
710 1687 798 1740 usque
816 1672 854 1724 ad
868 1689 918 1724 an-

118 1757 184 1810 num
209 1744 401 1797 duodecimum
425 1745 593 1798 volaterris:
622 1747 687 1798 inde
710 1745 815 1801 Romae
840 1747 919 1814 apud

115 1819 327 1886 grammaticum
336 1819 488 1872 Remniium
498 1818 692 1873 Palaemonem
702 1825 732 1872 et
740 1819 812 1888 apud
821 1817 917 1873 rheto-

118 1907 177 1946 rem
187 1893 343 1962 virginium
353 1886 479 1946 Flavum.
508 1895 682 1956 quoniamst
693 1902 825 1946 annorum
836 1895 916 1949 sede·
961 1901 962 1922 ¹

120 1967 186 2032 eim,
199 1969 321 2020 amicitia
331 1969 474 2038 eoepituti
483 1968 589 2042 Annaei
599 1968 728 2033 Cornuti,
742 1968 824 2020 itaut
834 1968 915 2023 abeo

119 2055 255 2112 nusquam
266 2042 431 2096 discederet:
450 2058 468 2095 a
482 2058 538 2114 quo
552 2041 682 2095 inductus
696 2041 871 2112 aliquatenus
885 2045 915 2096 in
961 2051 962 2134 p

119 2113 326 2186 philosophiam
337 2125 388 2180 est.

175 2190 286 2244 Amicos
304 2189 403 2244 habuit
426 2207 443 2244 a
465 2192 556 2260 prima
579 2190 767 2244 adolescentia
787 2191 913 2244 Caesium

119 2263 237 2316 Bassum
251 2272 362 2336 poetam
377 2273 405 2319 et
418 2265 596 2335 Calpurnium
607 2265 719 2329 Suram,
741 2265 789 2332 qui
803 2279 835 2316 eo
850 2267 911 2318 vivo

119 2339 227 2390 iuvenis
250 2339 376 2392 decessit.
416 2338 511 2391 Coiuit
527 2347 560 2392 nt
578 2343 683 2408 patrem
698 2339 843 2392 Seruilium
857 2339 911 2391 No-

118 2410 241 2462 nianum.
279 2409 503 2464 Percontatum
522 2415 652 2480 cognouit
670 2412 811 2464 Annaeum
830 2414 910 2465 etiam

118 2481 275 2556 Lucanum,
300 2499 482 2552 aequaevum,
503 2487 658 2538 auditorem
679 2487 804 2538 Cornuti.
841 2486 910 2538 Nam

120 2554 258 2606 Cornutus
268 2556 319 2606 illo
330 2563 453 2625 tempore
466 2560 589 2626 uagiem
603 2559 669 2624 fuit,
691 2566 783 2611 sectae
794 2558 909 2625 Stoicae,

120 2627 169 2694 qul
179 2627 266 2679 libros
277 2625 470 2698 philosophiae
480 2631 602 2700 reliquit.
637 2632 692 2691 Sed
702 2632 832 2688 Luoauus
842 2634 909 2688 adeo
926 2667 929 2673 -
