1986 2960
143 141 194 195 460
418 143 446 188 C.
473 139 660 190 SUETONH

143 263 198 318 Sed
207 269 239 316 ut
249 263 356 316 demum
370 262 429 316 lato
444 263 565 315 limatum
579 263 672 330 palam
686 259 789 314 laetum
804 268 858 329 est,
879 279 940 318 nou

142 340 252 392 solatiis
261 339 335 402 ullis,
345 354 402 390 non
413 337 510 390 edictis
520 336 639 389 inhiberi
649 336 738 388 luctus
748 301 876 406 publieds
886 355 938 422 po·
979 342 980 378 l

140 415 207 478 tuit,
229 413 391 479 duravitque
406 413 489 463 etiam
503 425 552 478 per
565 410 652 462 festos
663 409 824 464 Decembris
833 400 937 466 mensis

142 487 210 539 dies.
239 487 324 538 Auxit
332 486 450 553 gloriam
460 484 679 554 desideriumque
690 483 813 536 defuneti
822 491 850 537 et
860 492 936 539 atro·

143 561 213 613 titas
231 560 431 628 insequentium
448 564 615 626 temporum3
639 559 744 610 tundis
762 571 814 611 nee
831 565 936 612 temere

143 634 333 701 opinantibus,
348 633 500 684 reverentia
513 633 572 685 eius
588 648 620 684 ae
633 638 709 685 metu
721 646 875 701 repressam
885 633 934 685 Ti·

140 707 213 761 berli
223 703 375 771 saevitiam,
387 721 457 774 quae
466 720 532 757 mox
542 707 671 774 eruperit.

196 781 257 833 Vll.
268 781 375 832 Habuit
382 781 412 830 in
419 780 595 832 matrimonio
601 781 786 848 Agrippinam,
791 779 831 832 Μ.
837 781 933 849 Agrip-

140 869 195 925 pae
205 853 653 918 etluliaeiiliam‚etexeanovem
663 854 933 922 liberosbrlitz'quo·

140 943 203 981 rum
213 928 268 980 duo
277 927 397 982 infames
408 927 498 980 adhue
507 927 593 996 rapti3
610 943 682 979 num
691 929 748 980 iam
758 941 932 996 puerasoens,

141 1003 245 1072 insigni
253 1001 415 1066 festivitate,
431 1002 508 1052 euius
518 1001 634 1069 effigiem
643 1000 741 1054 habitu
751 1001 892 1068 cupidinis
902 1004 933 1054 in
981 1009 982 1020 ¹

142 1077 210 1129 aede
221 1075 394 1145 Capitolinae
403 1073 518 1127 Venerin
527 1074 610 1126 Livia
624 1075 774 1140 dedicavit,
794 1075 933 1142 Angustus

139 1151 170 1202 iu
191 1149 317 1202 eubiculo
338 1165 388 1202 suo
408 1149 541 1216 positam,
562 1150 777 1218 quotiescunque
795 1149 932 1215 introiret,

142 1223 363 1279 exosculabatur.
394 1219 484 1275 Ceteri
494 1224 655 1291 superstites
664 1224 738 1291 patri
747 1223 866 1288 inerunt,
876 1229 933 1276 tres

141 1313 224 1350 sexus
233 1297 367 1362 fendnini,
372 1297 531 1367 Agrippina,
537 1297 670 1362 Drusilla,
677 1295 789 1362 Liuilla,
802 1298 933 1350 continuo

140 1371 262 1424 triennio
272 1379 368 1435 natae3
386 1372 502 1424 totidem
512 1385 611 1436 mares,
621 1371 696 1423 Nero
708 1377 735 1422 et
744 1371 853 1423 Drusus
864 1376 891 1423 et
901 1371 932 1424 C.

142 1445 254 1498 caesar.
293 1445 428 1497 Neronem
440 1450 468 1497 et
476 1445 597 1498 Drusum
612 1450 736 1510 senatus,
756 1445 871 1498 'liberio
882 1447 933 1497 ori·

140 1520 270 1581 minante,
281 1517 374 1570 hostes
383 1519 525 1571 iudicavit.

196 1591 269 1642 Vlll.
282 1591 312 1642 G.
324 1594 426 1644 Caesar
435 1599 516 1644 nattis
527 1591 934 1661 estpridielialeudasdeptem-

140 1666 216 1729 brea,
237 1671 315 1733 patre
329 1681 379 1718 suo
395 1666 467 1718 etc.
482 1667 599 1719 Fonteio
615 1668 748 1734 Capitone
763 1667 933 1719 oonsulibus.

140 1739 196 1794 Ubi
205 1744 285 1790 nattis
297 1741 346 1804 sit,
366 1739 498 1792 incertum
515 1741 659 1793 diversitas
673 1739 838 1792 tradentium
854 1739 933 1792 facit.

142 1813 191 1866 Cn.
212 1813 345 1866 Lentulus
372 1813 532 1866 Gaetulicus
557 1815 656 1866 llibmi
679 1814 798 1882 genitum
822 1815 933 1866 scribit:

140 1886 248 1939 Plinius
260 1887 399 1940 Secundus
409 1889 438 1939 in
448 1888 584 1953 Treveris,
595 1890 657 1941 rico
667 1889 824 1940 Ambistino
830 1927 838 1953 ‚
849 1903 935 1956 supra

142 1961 329 2014 Confluentes:
355 1961 432 2013 addit
447 1964 528 2014 etiam
545 1978 594 2031 pro
616 1970 789 2030 argumento,
811 1977 874 2013 uras
892 1962 935 2023 ibi

143 2038 266 2102 ostendi,
290 2037 449 2104 inscriptas,
475 2036 522 2088 OB
542 2035 760 2099 AGfflPPlNAE
779 2033 935 2087 PUERPE-

142 2109 244 2162 RlUM.
268 2110 414 2175 versiculi,
424 2112 576 2178 imperante
587 2107 650 2161 nrox
661 2125 694 2162 eo
705 2110 849 2178 divulgati,
861 2109 935 2178 apud

122 2251 124 2259 Δ
142 2181 271 2238 hibernas
281 2185 403 2253 legiones
414 2191 586 2252 procreatum
597 2185 734 2236 indicant:

206 2258 251 2312 'la
262 2259 357 2311 eastre
366 2269 445 2310 nores
445 2257 559 2325 ,patriis
570 2258 686 2310 namtas
694 2257 723 2309 e'rr
734 2257 822 2320 ennio,
882 2323 890 2332 η

84 2386 86 2390 ,
255 2331 314 2383 Iam
324 2330 751 2402 designetipriaerpt'eomenerst.

142 2403 202 2472 ligo
216 2406 246 2456 in
261 2407 330 2455 artis
344 2407 441 2457 antii·
432 2407 542 2458 invenio
557 2404 669 2456 edium.
710 2405 883 2456 Gaetulicum
893 2417 937 2455 re·

135 2476 216 2529 ¹iellit
225 2475 331 2529 Plinius
331 2479 427 2566 3q11asi
436 2479 579 2530 mentitum
589 2495 639 2547 per
649 2477 846 2541 adulationem,
857 2484 889 2528 ut
899 2477 936 2528 ad

142 2549 257 2602 iaudes'
248 2552 354 2602 iuvenis
364 2549 538 2618 gloriosique
545 2553 678 2630 principis
689 2551 795 2618 aliquid
806 2553 890 2602 etiam
902 2565 936 2602 ex

142 2625 210 2676 urbe
224 2623 339 2675 Herculi
353 2638 433 2675 saera
446 2631 576 2689 annuerem
600 2627 769 2693 abusumque
789 2625 936 2677 audentius
