1992 2962
205 151 210 163 ,
231 121 432 170 osraenos.
451 120 547 168 cur.
566 108 683 188 sr-e‘o.
805 119 856 172 19³

63 243 191 312 corporis
211 243 351 307 custodes3
375 258 408 296 ac
426 241 576 302 nonnullos
589 251 623 296 ex
637 245 855 311 percussoribus,

62 317 199 392 quosdam
209 319 292 370 etiam
302 323 444 370 senatores
453 318 593 382 innoxios,
603 318 807 369 interemerunt.

119 390 191 442 Lix.
211 391 290 456 Virit
300 392 379 443 annis
392 392 592 460 undetriginta:
611 391 758 458 imperavit
771 392 855 444 trien-

60 466 110 518 nio
130 470 158 517 et
178 464 270 516 decem
289 467 427 517 mensibus
447 467 597 533 diebusque
617 472 691 518 octo.
730 465 854 517 Cadaver

61 541 122 594 eius
133 537 203 591 clam
212 539 242 590 in
251 537 348 591 homos
357 539 508 592 Lamianos
518 545 701 608 asportatum,
717 544 745 591 et
754 537 854 590 mmini-

60 614 153 667 tnario
165 627 233 680 rogo
244 614 477 681 semiambustum,
482 614 537 666 ieri
546 615 648 690 cespite
659 614 787 665 obruarm
797 618 851 665 est:

60 693 159 758 postea
168 702 218 756 per
227 701 337 738 sorores
348 687 383 738 ab
398 689 497 740 exsilio
508 703 631 741 reversas
641 693 747 740 emtum
758 693 785 740 et
796 703 852 740 cre·

60 767 164 814 mutum
178 760 376 836 sepultumque.
415 760 490 813 Satis
508 769 629 827 constat,
638 755 808 830 vpriusquam
822 757 853 814 id

61 835 150 899 tieret,
170 832 313 886 hortorum
324 834 451 888 custodes
460 837 564 888 umbris
575 837 759 903 inquietatos3
778 837 809 887 in
818 849 853 888 ea

62 924 171 978 quoqne
182 907 274 978 domo,
284 908 313 960 in
324 924 379 977 qna
390 911 557 976 occubuerit,
563 910 666 963 nuliam
676 917 784 963 noctem
793 912 853 962 sine

62 983 157 1051 aliquo
166 989 273 1036 terrore
283 988 463 1048 transactam,
484 983 751 1052 doneoipsadomns
761 986 852 1036 incen-

62 1058 110 1110 dio
121 1063 283 1124 consumpto
292 1058 338 1110 sit.
360 1057 448 1110 Periit
455 1073 512 1110 uns
522 1067 549 1110 et
558 1073 629 1110 uxor
640 1059 784 1124 Caesonia,
794 1059 853 1126 gis-

13 1151 14 1160 *
62 1133 110 1186 dio
122 1147 139 1183 a
149 1133 307 1192 centurione
318 1132 457 1196 confossa,
468 1139 495 1189 et
504 1133 563 1198 tilia
570 1133 673 1201 parieti
681 1133 766 1184 illisa.

116 1205 176 1258 Lx.
198 1206 389 1258 Conditionem
402 1213 556 1274 temporum
570 1207 681 1258 illorum
701 1208 784 1258 etiam
803 1222 853 1274 per

58 1279 129 1339 haec
147 1281 305 1332 existimare
325 1280 414 1348 quinis
430 1281 532 1348 possit
569 1279 640 1332 Nam
659 1295 748 1347 neque
768 1282 851 1335 caede

58 1355 172 1422 vulgata
192 1355 285 1406 stetim
305 1353 436 1406 creditum
456 1358 510 1416 est;
532 1352 639 1420 fuitque
658 1355 794 1422 suspicio,
815 1357 850 1409 ab

57 1431 121 1502 ipso
133 1429 201 1500 Caio
208 1427 314 1500 famam
325 1428 418 1500 caedis
425 1428 583 1496 simulatam
593 1433 621 1480 et
630 1427 765 1494 eruissem,
776 1434 851 1484 uteo

56 1510 142 1574 pacto
161 1501 302 1558 homiuum
322 1518 387 1576 erga
401 1519 431 1555 se
444 1508 549 1556 mentes
561 1499 785 1570 deprehenderem
805 1507 851 1557 ne·

11 1615 12 1620 1
59 1595 113 1650 que
122 1577 262 1650 coniurati
272 1577 399 1644 nuquam
408 1577 554 1646 imperium
564 1577 777 1631 destinaverunt.
815 1579 852 1631 iit

57 1659 170 1714 senatus
180 1653 208 1704 in
221 1652 368 1718 asserenda
377 1651 504 1706 libertate
514 1652 583 1716 adeo
596 1653 742 1720 consensit,
747 1660 779 1707 ut
788 1670 852 1706 con·

55 1727 132 1797 eules
142 1727 231 1798 prium
242 1742 298 1778 non
307 1727 337 1778 in
348 1729 460 1794 curiam,
472 1728 537 1797 quia
546 1727 618 1780 iulia
627 1729 791 1792 vocabatur,
803 1728 852 1779 sed

55 1804 87 1856 in
99 1802 266 1870 Capitolium
277 1809 472 1855 convocarent:
493 1802 605 1874 qnidam
615 1817 690 1864 vero,
700 1803 851 1854 sententiae

51 1877 137 1946 ,ioco‚
156 1873 321 1930 abolendam
337 1877 484 1929 Caesarum
494 1870 659 1931 'memoriam
674 1891 707 1927 ac
718 1875 852 1928 diruenda

51 1949 162 2018 ,templa
172 1955 342 2002 censuerunt.
381 1950 561 2004 Observatum
572 1956 663 2002 autem
672 1955 852 2017 notatumque

55 2025 138 2078 estin
147 2024 257 2094 primis,
278 2024 411 2076 Caesares
422 2040 528 2087 omnes,
549 2025 648 2091 quibus
660 2023 722 2074 Caii
735 2037 851 2090 praeno-

49 2115 120 2168 rnen
128 2097 191 2170 fuit,
201 2097 275 2151 terro
286 2099 409 2167 periisse,
419 2100 476 2152 iam
484 2098 549 2175 inde
560 2099 595 2150 ab
607 2113 650 2162 eo,
661 2097 709 2172 qui
719 2097 851 2150 Cinnanis

47 2173 227 2243 ,tenporibus
237 2171 275 2242 sit
285 2173 401 2253 occisus.

342 2433 565 2471 -ι-ωοοοβιιι-
