1964 2970
83 207 86 214 ,
107 153 140 204 ol
378 153 406 231 c?
433 152 622 201 SUETONll

105 275 225 339 sudibus,
245 274 382 340 Hirtium
402 275 431 326 in
445 287 553 344 pugnae
566 272 686 326 tumultu
695 271 730 324 ab
740 273 802 341 ipso
813 272 897 326 inter·

103 364 145 402 em
165 357 232 400 tum.
366 401 376 410 ‚
897 365 899 374 ’

146 365 219 473 lel.
240 422 294 475 Sed
303 427 335 473 ut
344 421 482 488 cognovit,
491 420 640 472 Antonium
649 426 713 486 post
722 419 816 488 fingam
827 436 844 472 o
854 421 896 474 M.

101 494 209 565 Lepido
221 501 372 564 receptum,
384 501 543 562 ceterosque
553 495 636 546 duces
647 499 674 546 et
683 493 819 546 exereitus
829 510 894 547 con-

102 570 203 621 sentire
217 584 268 638 pro
283 570 420 637 partibus,
442 579 553 619 causam
568 568 742 636 optimatium
755 569 815 620 sine
829 583 895 620 euu-

104 643 225 696 ctatione
236 643 368 706 deseruit,
385 641 421 693 ad
430 648 601 711 praetextum
611 647 732 693 mutatae
741 642 894 694 voluntatis

103 716 179 768 dieta
192 716 321 784 factaque
336 715 508 784 quorundam
528 716 722 778 calumniatus3
743 717 827 784 qnasi
844 716 896 770 alii

101 805 132 842 se
147 805 271 856 puerum,
292 789 343 840 alii
359 789 505 840 ornandum
524 789 712 855 sedendumque
730 791 894 854 iactassent3

102 878 153 915 nec
166 868 215 913 aut
228 863 284 914 sibi
297 867 346 914 aut
358 863 496 914 veteranis
505 877 556 931 par
565 863 655 929 gretia
665 863 820 915 referrenrr.
857 864 896 917 Et

103 952 158 1004 quc
173 936 262 1004 magis
274 937 472 1004 poenitentiam
485 937 588 1004 prioris
607 943 698 989 sectae
718 938 894 1005 approbaret,

103 1010 239 1062 Nursinos
249 1010 348 1076 grandi
358 1011 515 1079 pecunisuet
525 1026 606 1079 quam
617 1011 733 1078 pendere
741 1012 894 1080 nequirent,

103 1084 245 1148 nndtatos,
256 1089 379 1136 extorres
391 1083 493 1152 oppidu
505 1086 573 1151 egit:
589 1084 663 1154 quod
673 1085 824 1136 Mutinensi
834 1087 895 1140 acie

102 1159 329 1228 interemptorum
354 1159 455 1210 civium
481 1158 588 1211 tumulo
617 1159 727 1226 publice
754 1164 894 1218 exstructo

104 1233 296 1300 ascripserant,
308 1231 363 1284 Pro
373 1231 493 1284 libertate
503 1249 545 1284 eos
556 1232 711 1285 occuluisse.

159 1305 234 1357 Xlll.
258 1306 330 1358 luita
354 1322 415 1359 oum
434 1307 554 1360 Antonio
575 1312 603 1358 et
621 1305 728 1375 L‘epldo
753 1307 896 1374 societate,

105 1376 281 1447 Philippense
293 1395 402 1449 quoquc
412 1379 522 1444 bellurn,
534 1395 690 1448 quanquam
703 1379 840 1438 isrealidus
855 1388 897 1433 at·

105 1466 158 1520 que
169 1467 262 1519 aeger,
279 1452 383 1521 duplici
392 1455 499 1522 proelio
510 1455 656 1520 transegit:
677 1469 792 1524 quorum
802 1454 897 1523 priore

105 1525 204 1576 cestris
224 1531 321 1577 exutus
340 1527 387 1578 vix
401 1527 437 1577 ad
450 1527 565 1578 Antonii
582 1541 668 1578 cornu
680 1525 747 1595 iuga
761 1536 896 1582 evaserat.

104 1597 162 1651 Nec
176 1613 331 1653 successum
345 1599 479 1650 victurine
492 1598 650 1650 moderatus
665 1605 718 1650 estc
742 1601 791 1653 sed
806 1603 897 1672 eapite
978 1609 979 1614 ’

104 1671 186 1722 Bruti
195 1670 310 1722 Romam
323 1672 421 1735 muso,
440 1677 472 1722 ut
486 1677 594 1722 statuae
609 1671 736 1724 Caesaris
749 1675 896 1730 subiicere-

103 1751 161 1808 tur,
176 1745 206 1795 in
216 1743 466 1812 splendidissimrun
477 1759 610 1815 quemque
625 1747 761 1814 captivum
771 1763 827 1802 non
837 1753 897 1804 sine

104 1819 251 1871 verborum
265 1817 431 1870 contumelia
445 1819 555 1870 saeviitt
574 1826 606 1870 ut
616 1820 725 1888 quidem
736 1824 897 1892 suppliciter

104 1893 153 1944 nni
171 1891 339 1961 sepulturam
358 1893 484 1960 precanti
502 1893 678 1960 respondisse
696 1895 817 1948 dicatur:
841 1897 897 1950 iam
978 1909 979 1954 ξ

103 1965 184 2017 istum
193 1965 221 2020 in
235 1965 366 2018 volucrum
380 1975 535 2032 potestatem
541 1965 624 2038 som
644 1970 728 2035 alios,
748 1979 854 2039 patrem
868 1979 897 2024 et

104 2040 205 2104 filium,
220 2055 270 2108 pro
281 2041 339 2092 vitu
349 2047 491 2108 rogantes,
503 2042 599 2094 sortiri
607 2042 652 2108 pel
660 2044 763 2106 rniearc
771 2045 895 2110 iussisse,
978 2083 979 2090 κ

103 2111 136 2164 u't
155 2114 285 2166 alterutri
301 2114 507 2177 concederetul3
537 2130 570 2166 ac
593 2122 731 2184 spectasse
749 2124 896 2187 utrumque
978 2103 979 2172 l

103 2187 278 2252 morientem,
290 2203 373 2256 quum
383 2195 474 2257 patre,
486 2189 573 2257 quise
584 2190 734 2257 obtulerat,
745 2192 852 2256 occiso,
864 2193 896 2244 fi-

103 2257 158 2311 lins
169 2276 278 2329 quoqne
286 2262 444 2314 voluntaria
455 2262 628 2316 occubrdsset
637 2280 712 2318 nece.
751 2265 843 2327 Quare
853 2281 897 2318 oe·

104 2333 171 2396 teri,
191 2335 266 2384 etin
285 2332 329 2385 his
340 2336 379 2386 M.
393 2336 546 2399 Favonius,
566 2337 614 2389 llle
630 2337 743 2391 Catonis
763 2339 897 2405 aemulus,
927 2377 930 2389 .

103 2421 187 2474 quum
208 2409 328 2460 catenati
346 2407 574 2477 producerentur,
594 2411 760 2481 imperatore
773 2413 894 2467 Antonio

102 2475 255 2532 honorilice
265 2480 399 2546 salutato,
409 2481 482 2534 huno
490 2481 652 2537 foedissimo
664 2487 788 2539 convicio
800 2503 896 2540 coram

103 2554 304 2640 prosciderunt.
337 2554 452 2614 Partitis
462 2562 527 2622 post
535 2558 681 2611 victoriam
693 2561 799 2630 officiis,
812 2578 898 2640 quum

103 2628 237 2681 Antonius
254 2628 392 2681 Orientem
413 2627 608 2695 ordinandum,
629 2629 689 2700 ipse
707 2635 852 2688 veteranos
866 2634 898 2690 iu
