1986 2960
151 101 202 154 108
427 103 456 148 C.
479 101 668 150 suuuouu

153 241 233 294 quem
243 239 384 278 numerum
395 224 416 274 C
426 223 508 276 litera
517 229 639 286 notarem
652 222 848 292 daturumque,
864 229 952 278 utin-

147 307 194 369 ¹ter
204 299 271 352 deos
280 295 440 362 referretur,
457 297 532 364 quod
542 297 640 360 Aeser,
652 297 682 348 id
692 304 746 360 est,
762 299 872 366 reliqua
881 315 950 367 pars

78 401 81 411 ·
152 388 167 425 e
183 373 310 425 Caesaris
324 373 447 435 nemine,
466 371 584 423 Etrusca
598 371 693 438 lingua
708 371 775 422 deus
788 379 948 426 vocaretur.

152 447 295 498 Tiberium
304 447 390 513 igitm
399 446 428 498 in
438 445 580 512 lllyribum
591 445 948 508 dimissurumetBeneveu·
988 449 989 480 ἶ

149 527 208 571 tum
218 535 305 587 usque
319 525 527 588 prosecuturus,
548 517 631 588 qrrirm
644 519 865 594 interpellatores
881 521 947 572 aliis

151 600 233 660 atque
249 595 313 645 aliis
329 594 420 645 causis
434 594 464 644 in
477 593 550 644 iure
551 593 669 646 dicendo
682 594 841 658 detinerent,
853 595 945 646 excla-

148 667 246 753 mavit,¹
257 669 343 736 (quod
355 668 399 719 et
390 682 481 734 ipsum
490 681 556 718 mox
565 668 637 718 inter
647 668 740 718 omina
750 668 868 718 relatum
879 671 945 734 est),

150 759 210 804 noa,
222 741 246 792 ei
255 741 342 794 omnio
356 749 537 804 morarentur,
558 741 669 807 amplius
682 757 709 792 se
718 739 833 816 posthac
841 740 946 796 Rornae

143 815 280 886 fictarum
314 815 402 882 Atque
412 816 510 868 umere
520 813 660 878 inchoato
671 799 798 866 Αιιιιιιιιιι
808 817 944 882 perrexit

150 888 251 941 etinde
264 895 373 957 praeter
388 889 611 941 consuetudinem
626 889 659 940 de
673 895 755 941 nocte
770 889 806 940 nd
816 892 943 942 cecesia-

148 977 210 1014 uem
222 977 305 1015 aurae
315 969 439 1028 evectus,
460 977 572 1016 causam
583 963 750 1016 valemdinis
761 965 899 1016 contraxit
909 978 946 1018 ex

148 1036 285 1104 profluvio
298 1037 362 1088 alvi.

79 1103 81 1109 ’
204 1101 327 1163 XCVIII.
347 1113 426 1162 Tune
440 1111 607 1177 Campaniae
625 1126 675 1163 ora
695 1111 882 1178 proximisque
901 1113 945 1164 iu-

148 1185 217 1236 sulis
231 1185 368 1250 circuitis,
384 1185 556 1272 Caprearum
571 1201 679 1253 queque
699 1185 819 1236 secessui
837 1188 947 1252 quatri-

77 1279 78 1284 *
149 1259 233 1310 duum
242 1259 388 1326 impendit,
399 1259 593 1313 tentississimo
606 1259 641 1310 ad
652 1260 739 1310 otium
750 1259 822 1310 etad
834 1275 948 1314 omnem

149 1333 308 1384 comitatem
322 1334 425 1384 animo.
463 1333 548 1384 Forte
563 1331 745 1386 Puteolanum
759 1335 848 1398 ιιιιιιιιι
863 1349 947 1402 prae·

148 1405 312 1470 tervehenti,
331 1407 739 1474 vectoreenautaeqnedeuavi
747 1407 946 1474 Alexandrina,
988 1419 989 1422 ’

150 1494 220 1554 quae
230 1481 589 1550 tantumqundappulernt,
611 1481 947 1550 candidaticoronatique

150 1561 178 1606 et
188 1560 252 1606 tura
260 1554 379 1608 libentes
394 1554 487 1606 fausta
503 1556 596 1624 cuspin
609 1561 636 1606 et
646 1556 761 1620 eximias
771 1555 868 1608 laudes
879 1572 946 1610 oen-

150 1634 305 1696 gesserant.
322 1625 892 1698 perillumeeeieere,periibtmnavigem
912 1631 946 1682 li-

150 1703 251 1754 berteto
261 1713 339 1768 atque
347 1702 470 1774 fortunis
480 1718 530 1769 per
543 1703 616 1754 ilium
623 1703 695 1774 frui.
736 1703 837 1766 Quare
848 1704 945 1756 admo-

150 1776 214 1828 dum
224 1776 394 1829 exhilaratus
405 1778 596 1844 quadragenos
607 1793 706 1830 aureos
718 1779 864 1829 comitibus
874 1777 948 1829 divi-

149 1851 199 1915 sit,
219 1851 316 1918 iusque
326 1851 473 1904 iurandum
487 1858 515 1903 et
525 1853 680 1906 cautionem
691 1852 781 1918 exegit
791 1852 947 1920 asinguiis,
988 1901 989 1904 ,

149 1941 205 1976 non
217 1926 273 1978 elio
289 1927 382 1980 datam
398 1942 544 1990 summam,
565 1941 648 1994 quam
660 1927 690 1976 in
704 1926 870 1993 emptionem
884 1926 947 1978 Ale·

112 2004 116 2009 “
149 1999 347 2055 nandriuarum
356 2003 496 2066 mercium,
508 2002 710 2068 absumpturos.
735 2000 789 2052 Sed
800 2007 828 2052 et
838 2007 949 2052 ceteros

151 2073 297 2128 continuos
313 2076 371 2126 dies
385 2076 550 2128 intervenia
562 2075 726 2132 munuscula
739 2080 822 2142 togas
832 2076 949 2142 iusuper

152 2162 185 2199 ue
195 2149 282 2214 pallia
293 2149 442 2214 distribuit,
454 2149 514 2216 lege
524 2150 678 2217 proposita,
688 2154 721 2200 ut
729 2148 850 2210 Romani
860 2147 950 2202 Grae·

152 2237 199 2285 co,
221 2221 322 2276 Graeci
340 2224 465 2274 iionrnno
484 2222 584 2274 babitu
602 2229 631 2274 et
649 2237 776 2276 sermone
794 2229 950 2276 uterentur.

152 2295 293 2362 spectavit
303 2298 451 2352 assidueot
460 2302 615 2352 exercentes
626 2295 756 2364 ephebos,
766 2311 886 2374 quererm
897 2299 950 2351 ali

152 2383 208 2436 qua
223 2369 312 2422 adhue
331 2373 414 2440 copie
432 2387 465 2424 ex
484 2377 575 2422 vetere
593 2371 726 2425 iustimto
743 2361 858 2440 Capreis
879 2380 950 2426 erat.

151 2443 251 2494 Iisdem
263 2446 347 2496 etiam
357 2445 484 2512 epulum
476 2461 505 2496 m
516 2452 666 2512 conspectu
674 2445 724 2498 suo
735 2447 877 2514 praebuit,
888 2463 951 2514 per-

152 2518 327 2582 missa,1mo
346 2527 455 2584 exacta,
476 2520 589 2572 iocundi
612 2521 724 2572 lieentia
745 2521 952 2590 diripiendique

151 2606 298 2660 pememm
310 2600 337 2646 et
347 2594 527 2656 obsoniorum
537 2609 682 2664 rerumque
692 2595 849 2665 missilium.
864 2595 951 2649 Nullo
