1986 2960
283 59 470 145 muretus.
494 95 584 162 „esu
603 89 718 142 δυ’-61.
848 95 896 144 147

77 223 91 240 ·’
104 221 149 273 rio
163 219 403 286 pavonemcapite
416 218 530 285 punivit.
567 216 599 268 ln
614 217 733 283 quodam
746 219 844 270 itinere
859 218 896 272 le·

106 295 191 355 cuca,
203 306 258 359 qua
268 290 428 356 vehebatur,
444 292 572 358 vepribus
582 290 728 356 intpedita,
740 293 896 358 explorato·

104 383 163 418 rem
172 366 243 429 viae,
253 366 404 432 primarum
415 363 568 416 cohortium
579 365 896 429 eennuicuem,stretnm

104 439 181 492 hunni
190 454 276 505 paene
287 439 323 488 ad
332 445 425 490 necem
435 438 596 489 verberavit

161 511 233 562 LXl.
258 512 326 563 Mox
349 513 383 562 in
403 527 482 562 omne
501 525 586 578 gentas
606 511 776 564 crudelitatis
796 515 894 583 arripit,

15 605 17 610 ·
103 601 243 652 nunquam
264 585 405 636 deficiente
424 585 555 636 aratoria:
578 599 660 651 qutun
680 586 768 651 prium
788 589 894 650 matris,

105 661 168 712 dein
177 665 308 726 nepotum
321 664 349 710 et
362 673 468 722 nurus,
480 664 619 724 postremo
635 657 729 710 Seiani
742 658 895 711 familiares

105 740 187 800 atque
197 733 280 784 ctiam
290 738 372 787 notos
383 737 597 800 persequeretur.
634 730 703 782 Post
714 734 790 784 cuiuis
800 734 893 786 interi-

103 813 161 860 tum
171 802 533 858 velsaevissimus‘exstitit:
553 821 607 874 qno
622 806 740 858 maxime
757 808 894 874 apparuit,

39 898 42 904 ·
104 897 160 934 aon
173 884 231 931 tam
244 881 335 948 ipsum
350 881 385 931 ab
400 879 500 932 Seiano
517 880 651 944 concitari
665 880 790 944 solitum,
812 895 895 948 quam

104 953 233 1006 Seianum
244 955 386 1021 quaerenti
396 954 797 1006 occasionessubministrasse.
833 954 895 1006 Etsi

104 1029 313 1092 comarentario,
334 1043 414 1096 quem
428 1027 529 1078 devita
539 1028 754 1078 sarasannmatim
764 1028 893 1081 breviter·

100 1106 157 1170 irae
168 1103 334 1169 composuit,
345 1106 496 1154 ausam-est
515 1102 647 1164 scribere,
668 1101 792 1154 Seianum
806 1117 832 1152 re
843 1093 893 1168 pu-

33 1209 37 1220 =
102 1175 183 1238 ante,
205 1175 274 1241 qnod
286 1174 452 1242 comperisset
457 1174 553 1245 furere
568 1174 689 1226 adversus
702 1174 854 1230 Germanici
863 1174 893 1226 n‘-

15 1287 17 1302 ,
104 1248 320 1318 leros3fl1t'1'rni:
340 1263 455 1315 quornm
469 1249 529 1314 ipse
540 1248 667 1312 alterum,
689 1254 814 1314 suspecto
826 1249 891 1312 iam,

15 1303 19 1330 ³
103 1323 219 1378 alterum
231 1337 361 1390 oppresso
374 1321 480 1372 demum
491 1320 600 1385 Seiano,
611 1322 757 1374 interemit.
792 1321 892 1389 Singil-

102 1395 181 1450 latim
197 1396 342 1447 crudeliter
355 1394 431 1446 facta
445 1395 504 1445 eius
519 1395 631 1461 exsequi
645 1395 758 1462 longum
773 1402 827 1448 est:
847 1411 892 1462 ge·

16 1485 17 1502 ¹
102 1483 177 1532 nera,
187 1469 262 1520 velut
272 1468 451 1536 exemplaria,
467 1467 598 1519 saevitiae
609 1483 767 1521 enumerare
777 1474 821 1520 sat
830 1470 891 1521 erit.

87 1593 89 1602 ,
102 1541 202 1594 Nullus
213 1557 229 1593 a
239 1558 329 1609 poena
338 1541 478 1594 hominum
489 1543 606 1593 cessavit
617 1542 688 1606 dies,
700 1559 733 1594 ne
743 1543 891 1610 religiosus

16 1629 17 1636 ¹
103 1616 212 1684 quidem
223 1631 256 1667 ae
265 1631 351 1668 sacer.
366 1615 589 1667 Animadversum
598 1617 628 1667 in
638 1616 772 1684 quosdam
781 1617 891 1668 ineunte

15 1709 16 1760 3
102 1705 174 1742 anno
189 1705 276 1742 novo:
301 1691 424 1742 accersati
437 1689 614 1758 damnatique
626 1690 706 1742 mirlti
721 1706 782 1742 cum
796 1691 891 1742 liberis

15 1805 16 1826 ἶ
101 1765 276 1830 atqueetinm
289 1765 423 1816 amoribus
438 1764 504 1833 suis.
542 1763 731 1828 Interdictum,
752 1779 786 1815 ne
801 1764 891 1830 capite

79 1900 82 1908 ,
101 1837 245 1890 damnatos
255 1838 404 1906 propinqui
412 1838 546 1904 lugerent:
563 1837 675 1890 decreta
683 1838 890 1890 accmatoribus
977 1897 978 1904 ἵ

99 1911 248 1978 praecipua
261 1911 397 1978 praemia,
416 1927 609 1981 nonuunquam
628 1918 656 1963 et
673 1912 798 1964 testibus.
836 1910 889 1962 Ne·

98 1985 167 2036 mini
181 1985 334 2036 delatorum
349 1986 422 2036 lides-
432 1986 575 2052 abrogata.
615 1985 700 2036 Omne
716 1985 816 2036 crimen
837 2000 887 2052 pro

100 2059 214 2126 capitali
228 2065 378 2126 receptum,
399 2059 483 2111 etlam
500 2074 651 2126 palmorum
669 2059 888 2125 simpliciumque

97 2133 251 2185 verborum.
291 2133 433 2184 obiectum
443 2136 603 2200 estpcttae,
621 2132 694 2199 qrrod
704 2133 736 2182 in
744 2133 889 2200 tragoedia

96 2205 325 2273 Agamemnonem
338 2207 452 2274 probris
462 2207 629 2257 lacessisset:
650 2205 786 2257 obiectum
801 2213 828 2258 et
847 2205 886 2258 hi·
941 2251 944 2256 .

97 2281 214 2344 storico,
225 2281 305 2348 -qnod
314 2280 429 2330 Brutum
441 2281 618 2346 Cassimnque
627 2277 739 2330 ultimos
749 2279 885 2332 Bouiano·

95 2367 156 2404 sum
172 2353 299 2404 dixissett
318 2353 535 2404 anhnndrersnm
549 2359 591 2408 est
604 2353 696 2403 stetim
711 2353 741 2404 in
751 2359 885 2416 auctores,

95 2427 253 2494 scriptaque
264 2427 378 2490 abolita,
384 2427 509 2494 quamvis
519 2427 701 2492 probarentur
712 2433 774 2478 ante
780 2427 886 2492 aliquot

96 2514 197 2563 annos,
213 2501 296 2550 etiem
310 2501 432 2567 Augusto
448 2499 587 2562 audiente,
602 2501 727 2551 recitata.
767 2499 885 2560 Quibus

96 2572 160 2624 dam
171 2571 313 2626 eustodiae
327 2573 438 2655 traditis
452 2589 507 2625 non
521 2573 604 2625 modo
619 2573 746 2625 studendi
757 2572 887 2624 solatium
977 2589 978 2600 ¹

634 2665 683 2711 Ka
