1992 2962
290 121 400 170 uuae.
436 123 639 174 cnam-24
812 119 863 180 aas

4 249 6 294 l
75 243 358 308 mecelert'terreeerti,
374 254 461 298 tomen
471 247 579 300 suadem
589 257 616 300 et
624 257 714 316 optare
720 251 809 318 potius
820 254 862 306 de·

77 322 130 383 bet,
140 329 171 372 ut
181 317 284 372 Nerone
295 319 390 389 dignus
400 329 524 374 revertar.
556 322 689 376 Cantante
700 341 732 378 eo
738 362 746 389 ,
757 342 807 378 nec
816 343 861 380 ne-

76 395 195 448 cessaria
205 394 314 461 quidem
325 409 409 446 causa
419 396 548 448 excedere
558 395 665 450 theatro
677 398 782 451 licitum
793 409 860 452 erat.

74 469 169 538 ltaque
180 474 208 520 et
217 469 313 520 enixae
323 469 456 535 quaedam
471 471 500 521 in
510 472 674 537 spectaculis
685 472 824 539 dicuntur,
833 482 863 527 et

75 543 154 598 multi
166 543 259 596 taedio
271 541 401 594 audiendi
409 543 607 612 laudandique,
619 541 720 598 clairsis
733 546 862 616 [oppido-

6 629 8 636 ‘
75 618 148 687 rum]
159 618 311 686 portiaaut
320 615 415 668 lemtim
424 617 568 670 desiluisse
578 618 611 670 de
621 629 764 685 murmane
774 630 862 676 nieme

4 736 12 768 ἲ
76 691 203 744 simulata
216 690 311 742 funere
326 689 401 741 elati.
441 690 531 754 Quam
545 698 634 746 autem
648 695 755 762 trepide
769 697 861 750 anxie·

76 781 127 834 que
141 764 299 828 certaverit,
314 769 416 831 quanta
431 764 651 819 adversariorum
665 769 860 836 aemulatione,

76 851 129 908 quc
144 844 217 890 metu
226 837 366 902 iudicum,
381 838 428 889 vix
443 838 631 905 credipotest.
669 843 860 909 Adversarios,
935 900 940 906 ,

4 921 12 974 “,
75 913 153 982 quasi
162 913 244 982 plane
254 911 421 964 conditionis
432 912 561 978 eiusdem,
574 915 728 981 observare,
740 925 860 986 captare,

4 984 10 1028 1'
73 981 206 1042 infamare
217 991 530 1055 semetqnonnuuquam
538 1001 572 1039 ex
583 1003 698 1040 occrusu
707 991 861 1044 maledictis

59 1065 221 1126 incessere,
235 1075 268 1112 ac
282 1059 369 1130 siqui
383 1065 441 1112 arte
459 1061 667 1128 praecellerent,
688 1057 861 1133 corrumpere

74 1138 155 1190 etiam
166 1135 281 1188 solebat.
319 1133 426 1185 ludices
437 1139 540 1200 autem,
550 1137 709 1205 priruquam
720 1140 860 1206 inciperet,

4 1231 5 1242 ³
73 1210 286 1266 reverentissime
304 1207 509 1276 alloquebatur,
530 1205 627 1260 Omnia
641 1225 668 1260 se
679 1211 808 1283 socienda
815 1213 861 1285 fe·

4 1293 5 1350 ζ
73 1285 148 1347 εἰπε,
163 1285 208 1335 sed
221 1291 338 1335 eumaem
351 1281 380 1334 s‘e
394 1297 473 1332 manu
492 1297 547 1332 erse
566 1282 722 1337 Fortunae.-
741 1287 811 1351 illos,
832 1279 863 1341 at

4 1395 5 1404 η
71 1359 199 1428 repentes
219 1367 247 1410 et
264 1358 352 1410 doctos
370 1355 452 1418 ciros,
466 1353 588 1425 fortuita
602 1357 692 1410 dedere
707 1363 861 1414 excludere:

4 1431 8 1504 Ἰ
72 1441 166 1501 atque,
181 1437 212 1485 ut
226 1431 350 1495 auderet,
365 1428 551 1494 hortantibus,
568 1433 698 1498 aequiore
713 1435 805 1488 animo
819 1452 860 1488 re-

4 1517 5 1522 ’
72 1509 203 1570 cedebat3
224 1522 257 1559 ae
269 1521 303 1558 ne
317 1506 358 1557 sic
373 1502 481 1572 quidem
496 1504 555 1556 sine
574 1506 775 1574 sollicitudine,
792 1512 860 1562 taci-

4 1643 5 1646 ,
70 1583 230 1636 tumitatem
248 1579 434 1650 pudoremque
449 1578 618 1647 quomrudam
639 1597 689 1648 pro
704 1585 819 1636 tristitia
835 1591 862 1637 et

69 1656 241 1722 malignitate
252 1669 382 1722 arguens,
394 1658 589 1722 stupectosque
599 1655 654 1706 sibi
665 1657 766 1710 dicens.

127 1729 231 1782 XXIV..
246 1729 279 1780 ln
289 1727 419 1780 certando
429 1742 494 1779 vero
514 1728 555 1778 ita
574 1729 629 1796 legi
650 1732 809 1796 obediebat,
830 1741 861 1784 ut

69 1817 207 1871 uunquam
229 1817 370 1856 exscreare
390 1817 486 1866 ausus,
507 1802 634 1855 sudorem
654 1821 763 1874 quoque
786 1806 859 1857 fron-

8 1899 10 1904 ’
67 1881 107 1931 tis
134 1876 249 1930 brachio
274 1877 444 1944 detergeret:
474 1881 556 1944 atque
580 1878 663 1929 etiam
686 1880 716 1929 in
740 1878 862 1946 quodam·

65 1954 176 2020 tragico
188 1958 260 2016 sotir,
271 1967 353 2018 quum
363 1951 486 2016 elapsum
495 1948 690 2018 baculum-cito
700 1953 860 2019 resumpsis-

4 2059 5 2062 =
67 2033 135 2094 set,
144 2025 263 2095 pavidus
275 2031 303 2076 et
315 2031 452 2087 metuens,
470 2038 504 2075 ne
519 2024 555 2074 ob
571 2023 699 2075 delictum
713 2026 860 2079 certamine

66 2105 297 2162 summoveretur,
312 2113 367 2150 non
378 2098 458 2148 aliter
469 2097 644 2148 continuatus
655 2105 707 2162 est,
719 2113 800 2166 quam
812 2099 859 2148 ad-

4 2219 7 2223 .
63 2176 176 2228 iurante
187 2172 346 2240 hypocrita,
357 2173 412 2223 non
424 2170 641 2222 animadversum
650 2171 680 2222 id
689 2173 761 2223 inter
771 2173 860 2224 exsul-

62 2250 189 2302 tationes
208 2244 490 2311 succlamationesque
508 2244 613 2312 populi.
652 2243 793 2297 Victorem
813 2261 859 2298 au-

62 2333 122 2377 tem
133 2337 163 2373 se
173 2320 232 2388 ipse
242 2317 456 2384 pronunciabat3
471 2317 569 2384 quade
580 2331 664 2368 eausa
674 2326 701 2371 et
710 2322 862 2388 praeconio

63 2399 171 2464 ubique
190 2392 338 2446 contendit.
376 2391 415 2442 Ac
434 2406 468 2442 ne
483 2391 560 2442 errius
575 2391 688 2445 alterius
707 2393 860 2448 hieronica-

4 2535 5 2538 ,
63 2489 128 2525 rum
143 2468 277 2523 memoria
292 2473 341 2518 aut
353 2464 496 2532 vestigium
517 2471 637 2517 exstaret
653 2483 781 2536 usquam,
798 2469 859 2520 sub-

4 2567 5 2574 *
62 2547 139 2600 verti
154 2551 181 2598 et
194 2557 265 2596 srnco
276 2540 350 2594 trabi
360 2540 498 2608 abiicique'
508 2540 538 2591 in
548 2540 663 2593 latrinas
674 2544 793 2611 omnium
805 2551 859 2594 sta-

61 2627 130 2673 tuas
145 2626 174 2673 et
186 2619 320 2688 magices
333 2615 486 2686 imperavit.
525 2616 667 2686 inrigavit
677 2633 787 2687 quoque
800 2617 859 2685 plu·
