1986 2960
119 125 169 178 17⁰
399 127 426 172 C.
449 123 632 173 SUETONll

119 248 282 300 salutarunt.
320 245 463 314 Templum
478 245 561 296 etiam
575 245 681 296 numini
694 259 745 297 suo
756 249 919 316 proprium,

119 327 147 374 et
161 319 332 383 sacerdotes,
353 326 380 370 et
395 319 644 386 excogitatissimas
658 317 765 370 hostias
777 322 917 375 instituit.
987 345 988 394 g

118 393 261 462 intemplo
272 393 448 445 simulacrum
459 393 551 443 stabat
561 407 673 443 aureum
682 393 829 458 iconicum,
842 398 919 448 ami·

94 487 96 494 ¹
118 468 294 535 ciebaturque
305 467 428 536 quotidie
438 471 521 529 veste,
533 466 610 534 quali
619 466 678 532 ipse
686 471 817 526 uteretur.
848 468 915 520 Ma-

55 579 58 584 .
116 541 231 609 gisteria
240 534 388 594 sacerdotii
399 539 552 590 ditissimus
566 540 693 606 quisque,
714 545 742 590 et
756 541 914 595 ambitione

117 621 144 666 et
153 613 307 666 licitatione
316 609 556 677 maxima‚vicibus
567 612 772 679 comparabant.
787 613 912 668 Hostiae
987 621 988 678 l

116 693 195 740 erant
203 686 411 754 phoenicopteri
415 723 422 750 ,
434 689 568 753 pavones,
578 691 729 750 tetraonas,
740 686 912 753 numidicae,
987 707 988 712 ¹

25 799 29 820 ,
114 760 303 828 meleagrides,
314 759 472 828 phasianae,
483 773 554 828 quae
563 759 713 826 generatim
723 774 771 828 per
780 761 911 827 singulos

115 833 174 885 dies
197 833 413 884 immolarentnn
457 833 494 882 Et
515 832 642 884 noctibus
668 832 777 900 quidem
796 833 910 900 plenam

113 905 315 974 fulgentemque
328 905 420 956 lunam
435 907 571 958 invitabat
585 904 695 957 assidue
714 906 744 956 in
763 904 910 972 amplexus

93 983 97 990 '
114 987 196 1048 atque
208 980 393 1032 concubitamt
412 979 533 1032 interdiu
542 994 606 1031 vero
619 994 680 1030 cum
691 980 850 1047 Capitolino
861 981 909 1034 lo·

112 1069 145 1106 aa
155 1060 259 1106 secreto
270 1053 459 1105 februabatur:
479 1053 562 1105 modo
572 1054 758 1116 insusurrans,
779 1068 813 1105 ac
826 1049 907 1122 piae-

112 1128 178 1180 bens
188 1127 304 1180 invicem
314 1142 420 1190 aurem,
440 1126 522 1180 modo
534 1127 648 1192 clamne,
667 1141 718 1179 neo
727 1127 786 1181 sine
795 1127 906 1196 iurgiis.

112 1201 618 1254 Namvoxcomminantisauditaestx
842 1195 844 1200 ‘

325 1267 394 1333 'Hp'
405 1269 537 1340 ἀνάειρ’,ἢ
548 1271 595 1336 tyb
606 1271 641 1332 ut,
987 1311 988 1332 ,

113 1348 200 1400 donec
210 1355 353 1414 exoratum,
369 1355 400 1400 ut
409 1347 557 1412 referebat,
568 1347 633 1399 etin
644 1348 851 1400 contubernium
861 1350 905 1400 ul-
987 1385 988 1406 1

112 1429 156 1474 tro
176 1421 320 1486 invitatus,
346 1419 428 1490 inpar
450 1421 580 1488 templum
599 1421 666 1475 Divi
683 1422 800 1488 Angrssti
819 1430 906 1489 ponte
987 1447 988 1476 l

42 1503 43 1506 ’
111 1494 653 1564 uumumsa,Palat,ianapitoliumque
663 1497 814 1547 coniunxit.
825 1495 904 1561 Mox,
987 1541 988 1548 ,

113 1583 167 1636 quo
183 1569 298 1636 propior
311 1575 395 1634 esset,
414 1571 444 1623 in
458 1581 524 1622 area
534 1569 691 1636 Capitolina
705 1584 793 1621 novae
804 1569 904 1622 doinus
987 1607 988 1632 ³

112 1641 374 1694 fundamentaieclt.
987 1641 988 1654 ¹

167 1714 267 1767 XXlll.
287 1715 423 1783 Agrippae
437 1731 467 1767 se
480 1721 606 1784 nepotem
620 1731 708 1784 neque
722 1715 797 1776 credi
814 1729 904 1784 neque

112 1789 170 1841 dici
185 1789 220 1843 ab
234 1789 435 1857 ignobilitatem
449 1789 509 1841 eius
518 1789 642 1854 volebat3
662 1789 903 1858 succensebatque,
987 1859 988 1862 Ἴ

111 1863 137 1914 si
147 1864 196 1932 qui
204 1862 385 1916 relocatione
397 1863 441 1914 vel
455 1863 574 1916 caruitne
582 1863 753 1931 imaginibus
763 1879 824 1916 eum
835 1863 903 1916 Cae·

112 1951 204 1990 samm
214 1938 372 1990 insererent.
396 1936 579 1989 Praedicabat
589 1941 687 2001 autem,
698 1943 814 1988 matrem
823 1952 903 1990 suum

112 2025 146 2062 ex
155 2012 271 2076 incesto,
282 2011 356 2080 quod
366 2011 504 2078 Arrgristus
515 2026 575 2062 cum
585 2010 657 2062 lulia
666 2010 725 2060 filia
735 2009 902 2075 admisisset,
987 2077 988 2082 Ἰ

49 2099 51 2103 ·
111 2091 295 2153 procreatam.
331 2082 776 2151 Aenoncontentushacdugnsti
784 2083 902 2136 insecta·

111 2159 201 2223 tione,
214 2160 341 2212 Amicam
352 2157 512 2227 Siculasque
522 2158 666 2222 victodas,
681 2153 902 2223 utiamestas‘po-
987 2207 988 2218 ,

111 2231 177 2300 pulo
188 2233 313 2284 Romano
325 2239 352 2284 et
361 2232 552 2295 calamitosas,
571 2232 659 2283 vetnit
671 2231 850 2282 sollemnibus
862 2229 901 2282 fc-

75 2295 86 2316 *
111 2306 161 2356 riis
176 2305 317 2358 celebrari.
355 2305 465 2356 Liviam
475 2305 624 2372 Augustam
638 2305 780 2372 proaviam
794 2303 902 2374 Ulyaem

53 2431 59 2440 ,
89 2396 93 2408 ·
111 2379 387 2430 stolatamidentidem
398 2377 902 2452 appellans,etiamignobilitatisqua·

112 2451 175 2501 dam
196 2450 231 2500 ad
250 2457 375 2503 senatum
388 2452 507 2520 epistola
521 2467 635 2518 arguere
651 2457 800 2514 ausissent,
822 2452 902 2517 quusi

111 2530 234 2574 materno
251 2537 303 2576 avo
318 2523 474 2576 Decurione
483 2525 618 2576 Fundano
633 2530 733 2586 ortuum
754 2533 838 2590 qinsm
852 2540 900 2590 pu·

111 2595 190 2647 blicis
209 2598 389 2649 monumentis
410 2604 511 2648 eertum
526 2599 576 2663 sit,
596 2597 732 2650 Aufidium
745 2595 900 2650 hannonem
931 2627 934 2630 -
