1964 2970
207 143 516 192 incrustansnn.
552 111 764 191 cnam-m.
851 143 883 194 ιι
958 115 965 130 ’

87 286 155 333 nus,
177 269 290 319 nrinnum
305 283 384 318 suum
399 267 468 334 egit,
489 266 661 332 donatusque
676 266 831 334 quingentis
842 281 883 319 se·

86 343 196 396 stertiis
206 348 234 394 et
248 341 350 393 annulo
367 355 464 404 aureo,
485 355 589 391 sessum
603 341 633 390 in
648 340 855 407 quatuordecim
867 357 881 393 e

88 432 174 470 scena
184 431 233 483 per
244 413 413 467 orchestram
427 415 546 465 transiit.
587 413 772 478 Circensibus,
787 415 879 482 spatio

87 490 164 542 circi
175 490 210 540 ab
220 496 337 556 utraque
348 493 425 555 parte
435 489 580 555 producto,
592 489 656 538 etin
665 503 764 555 gyrum
773 487 878 556 Euripo

87 565 195 628 addito,
207 561 358 630 quadrigas
367 561 500 629 bigasque
511 567 538 614 et
548 577 633 630 equos
645 561 810 614 desultorios
822 562 879 630 agi-

86 643 217 690 taverunt
230 636 398 688 nobilissimi
412 637 531 688 iuvenes.
571 637 685 687 'l'roiam
703 637 770 688 lusit
788 644 879 688 turma

88 712 200 779 duplex,
212 712 348 763 maiorum
358 710 548 777 minorumque
558 726 714 778 pnerommn.
747 710 878 763 Venatio·

86 801 136 838 nes
147 785 239 837 editae
250 800 299 852 per
309 785 368 834 dies
378 784 510 852 quinque,
527 799 560 835 ac
574 786 721 836 novissime
735 801 828 854 pugna
838 785 878 836 di·

86 861 149 911 visa
159 859 190 910 in
205 859 274 909 duas
289 859 376 920 acies3
397 859 540 925 quingenis
554 859 705 925 peditibus,
726 859 879 928 elephantis

87 934 206 996 vicenis,
227 933 340 995 tricenis
354 932 493 999 equitibus
514 931 577 984 hinc
596 939 623 985 et
632 934 695 986 inde
716 935 879 986 commissis.

87 1007 160 1060 Nar'n
172 1023 227 1074 quo
239 1006 330 1058 laxius
341 1006 530 1070 dimicaretur,
546 1007 671 1060 sublatae
685 1016 786 1072 metae,
797 1010 880 1075 inque
909 1009 910 1016 ’

88 1081 286 1134 carumlocum
296 1081 364 1132 bina
375 1087 466 1132 eastra
476 1096 509 1131 ex
519 1081 633 1134 adverso
640 1084 880 1134 constitutaerant.

88 1155 228 1218 Athletae,
254 1153 346 1206 stadio
368 1155 402 1205 ad
422 1161 528 1222 tempus
553 1162 691 1206 exstructo
715 1157 744 1206 in
768 1147 881 1222 regiohe

88 1231 187 1282 Martii
202 1229 309 1298 campi,
321 1235 493 1280 cenaverunt
506 1244 556 1295 per
572 1230 702 1280 triduum.
740 1228 777 1278 Et
789 1228 883 1280 navali

90 1305 213 1372 proelio,
228 1303 259 1354 in
272 1304 379 1354 minore
390 1303 495 1354 Codeta
510 1301 621 1353 defosso
632 1301 707 1366 lacu,
722 1303 838 1355 biremes
849 1318 883 1354 ac

81 1380 217 1430 triremes
232 1377 474 1444 quadriremesque
490 1377 594 1442 Tyriae
610 1377 797 1443 etAegyptiae
813 1378 883 1430 clas·

92 1455 130 1505 sis
150 1467 253 1518 magno
273 1458 456 1518 pugnatorum
476 1466 589 1502 numero
615 1450 802 1505 conflixertmt.
840 1451 881 1502 Ad

91 1543 163 1596 quae
174 1526 268 1578 omnia
278 1525 436 1592 spectacula
445 1532 551 1576 tantum
561 1525 682 1592 undique
693 1526 824 1578 confluxit
833 1524 882 1578 ho·

91 1603 194 1653 minum
200 1637 208 1663 ,
219 1607 251 1651 ut
260 1600 385 1667 plerique
396 1599 517 1651 advenae
528 1605 576 1651 aut
585 1601 657 1651 inter
666 1600 743 1652 vicos
753 1607 802 1652 aut
811 1601 883 1652 inter

90 1678 152 1728 vias
171 1675 359 1725 tabernaculis
379 1674 479 1741 positis
497 1681 649 1739 manerent,
675 1690 708 1726 ac
721 1688 883 1742 saepeprae

90 1751 174 1801 trrrba
184 1748 248 1800 elisi
258 1750 481 1830 exanimafique
472 1749 528 1800 sint
536 1749 662 1816 plurimi,
684 1754 711 1801 et
724 1749 753 1799 in
769 1747 812 1800 his
827 1747 882 1800 duo

91 1831 243 1877 senatores.

147 1895 211 1948 xi..
232 1897 385 1948 Conversus
399 1895 463 1948 hinc
477 1897 512 1948 ad
523 1871 706 1952 ordinandum
716 1895 884 1962 reipublicae

91 1977 204 2035 statum,
215 1969 304 2023 festos
315 1971 446 2038 correxit,
461 1971 517 2022 iam
528 1972 633 2048 pridem
643 1971 712 2022 vitio
723 1969 885 2037 pontificum
913 2031 916 2039 ¹

91 2062 141 2115 per
154 2043 340 2096 intercalandi
349 2045 493 2096 licentiam
508 2045 577 2097 adeo
592 2030 732 2108 turbatos,
752 2050 784 2094 nt
796 2059 885 2112 neque

92 2120 223 2173 nausiam
233 2117 320 2170 feriae
331 2126 537 2187 aestate,neque
546 2119 883 2171 vindemiammautumno
917 2179 920 2186 1

93 2199 288 2262 competerent.
326 2193 485 2260 Annunsque
505 2194 541 2245 ad
561 2208 670 2246 esrrsum
690 2193 759 2244 solis
777 2209 884 2246 accom-

92 2267 230 2331 modavit,
250 2273 283 2318 ut
294 2269 477 2319 trecentorum
492 2269 636 2335 sexaginta
650 2267 769 2336 quinque
779 2267 885 2320 dierum

93 2349 174 2408 esset,
180 2348 216 2406 et,
222 2341 399 2393 intercalario
410 2358 502 2413 mense
512 2343 631 2405 sublato,
637 2358 706 2393 unus
717 2342 775 2394 dies
786 2346 885 2410 quarto

94 2432 204 2485 qnoque
219 2431 292 2468 anno
306 2416 525 2468 intercalaretur.
564 2416 626 2478 Quin
642 2425 732 2471 autem
747 2418 835 2484 magis
853 2416 884 2466 in

94 2497 233 2558 posterum
250 2505 284 2542 ex
294 2489 426 2550 Kalendis
434 2490 571 2542 Ianuariis
585 2492 664 2542 novis
677 2498 830 2558 temporum
840 2503 884 2539 ra·

94 2566 133 2617 tio
158 2569 335 2632 congrueret,
350 2566 430 2617 linter
449 2564 630 2616 Novembrem
655 2581 689 2615 ae
707 2563 886 2614 Decembrem

96 2655 214 2694 mensem
224 2639 362 2694 interiecit
372 2639 443 2692 duos
454 2638 539 2703 alios;
558 2637 665 2706 fuitque
674 2638 700 2690 is
715 2649 814 2694 annus,
830 2645 884 2697 Ψ
