1986 2960
130 75 180 130 tii
402 79 430 124 G.
456 75 651 126 SUETONII

130 198 239 263 soenda,
249 197 344 252 talitro
355 199 519 252 vulneraret.
558 198 658 252 Colore
668 204 728 250 eret
736 198 924 266 addidera-

127 272 197 342 pilio
208 287 279 340 pone
290 273 449 341 occipitium
459 273 653 341 summissiore,
658 279 690 324 ut
700 273 832 327 cervicem
837 276 924 328 etiam

129 347 282 414 obtegeret,
303 347 378 414 qnod
392 342 497 418 gentile
507 347 536 397 in
549 346 600 399 illo
611 347 768 410 ridebatur3
787 347 861 402 faeie
871 348 921 403 ho-

126 426 219 486 nesta,
237 422 268 472 in
286 435 342 490 qua
354 427 446 472 tamen
461 421 549 472 crebri
563 430 591 473 et
603 421 688 472 subiti
701 427 836 486 tumores,
858 439 920 475 enm

126 495 344 564 praegrandibus
355 493 455 556 oeulis,
470 495 567 562 etqui,
581 494 656 562 quod
665 495 763 548 mirum
774 503 859 562 esset,
870 513 920 550 no·
984 493 985 548 3

128 575 175 620 otu
187 570 271 620 etiam
285 576 313 624 et
326 570 355 620 in
369 569 489 620 tenebris
502 569 639 633 riderent,
660 569 708 620 sed
726 569 871 636 adimere,
890 579 920 624 et
984 563 985 604 l

127 659 211 710 qurum
224 643 341 710 primum
356 657 373 692 a
391 657 488 694 somno
507 642 671 708 putruissent,
693 642 790 696 deinde
809 659 918 698 rursum

126 703 316 769 nehemiam
352 716 500 768 merebat
513 716 617 768 servies
636 716 727 784 egita
746 723 774 770 et
793 719 917 786 nomem

125 791 246 842 abdueto
256 790 314 844 iere
323 790 413 858 uului,
425 789 583 859 plerumque
593 791 708 852 teritum
727 791 804 845 nullo
816 799 864 844 ant
873 808 917 846 rn-

124 866 234 918 rissimo
246 865 328 916 etiam
340 879 400 914 eum
409 865 543 930 proximis
554 879 781 933 sermone,eoque
791 866 916 920 tardissi-

124 954 245 1005 moines
255 938 314 990 sine
323 935 402 990 molli
412 937 531 1005 quadam
540 936 689 1004 digitorum
697 939 917 1006 gesticulatione.
984 947 985 952 ’

125 1013 205 1074 Quae
215 1011 309 1066 omnin
316 1012 427 1082 ingrate
437 1018 519 1080 atque
529 1014 706 1079 arrogantiae
715 1013 808 1080 plena,
819 1020 846 1066 et
856 1015 915 1064 oni-

124 1087 273 1138 madvertit
281 1087 515 1153 Augustuaineo‚
530 1092 558 1138 et
568 1101 699 1138 excursare
708 1088 824 1140 tentavit
833 1101 917 1154 saepe
984 1105 985 1112 ¹

124 1161 200 1228 opud
215 1167 338 1212 senatum
353 1176 386 1220 ao
400 1159 545 1230 populum,
566 1159 706 1227 professus
726 1171 837 1214 naturae
851 1161 917 1214 vitia

126 1251 193 1298 eoae,
213 1251 265 1286 noo
278 1233 368 1286 animi.
406 1233 572 1288 valetudine
586 1235 772 1304 prosperrima
785 1249 851 1288 risus
865 1243 915 1297 est,

125 1315 249 1376 tempore
263 1308 372 1376 quidem
387 1308 558 1376 principetur
572 1323 659 1376 paene
672 1314 732 1362 toto
743 1325 829 1377 prope
839 1309 916 1363 illoe-

126 1398 172 1444 sn3
192 1383 317 1449 quamvis
332 1398 349 1433 a
361 1383 501 1436 trioesimo
517 1383 616 1436 notetis
627 1385 917 1439 annoarbitretueam
984 1411 985 1422 κ

126 1471 177 1508 suo
188 1456 297 1520 rexerit,
308 1457 367 1509 sine
377 1457 534 1510 adiumento
546 1459 697 1510 romiliove
707 1458 885 1511 medicorum.
984 1475 985 1480 ¹

155 1571 156 1575 ,
181 1528 281 1581 Lxlx.
308 1531 389 1582 Circe
412 1529 480 1584 deos
500 1546 533 1584 se
551 1531 700 1598 religiones
720 1533 917 1600 negligentior3
984 1535 985 1572 l

126 1603 228 1672 qnippe
238 1603 364 1656 addictus
373 1604 591 1668 umthematieae‚
603 1606 751 1672 plenusque
761 1607 918 1672 persuasio·

125 1679 183 1742 nis,
204 1681 302 1728 cimela
314 1677 374 1730 fato
390 1680 445 1746 egi.
484 1680 621 1732 Tonitrua
635 1687 725 1731 tamen
739 1685 849 1744 praeter
858 1695 918 1730 mo-

127 1749 191 1804 dum
202 1753 412 1820 expaveseebet3
424 1758 451 1804 ot
460 1754 613 1809 turbatiore
624 1753 702 1804 coelo
712 1765 850 1822 nunquam
860 1765 919 1803 non

127 1841 259 1879 eoronam
267 1826 390 1878 lauream
401 1827 506 1879 cervice
514 1827 643 1894 gestavit,
664 1823 737 1891 quod
750 1822 865 1876 fulmine
876 1825 918 1877 ai-
984 1855 985 1872 r

126 1901 190 1968 llari
198 1908 311 1967 negetur
319 1901 350 1952 id
360 1916 444 1968 genus
454 1900 570 1952 frondis.

183 1975 270 2027 LXX.
290 1976 368 2026 Artes
382 1974 517 2026 liberales
524 1973 666 2041 utriusque
685 1972 793 2040 generis
812 1972 918 2024 studio-

128 2051 236 2102 sissime
250 2049 345 2118 coluit.
382 2048 414 2100 ln
428 2044 667 2100 orationoLatins
681 2051 789 2097 secutus
800 2052 842 2096 est
852 2045 919 2096 cor-

127 2126 220 2175 vinum
229 2124 387 2189 Messalam,
397 2137 476 2190 quem
486 2135 577 2173 senem
588 2119 747 2172 adolescens
758 2118 920 2171 observave-

128 2203 181 2252 rat.
220 2197 274 2250 Sed
291 2197 466 2249 affectatione
479 2201 507 2247 et
520 2195 683 2248 morositate
693 2194 779 2246 nimia
790 2193 920 2246 obserua-

127 2273 177 2323 bet
187 2272 293 2336 stilum,
313 2277 344 2322 ut
355 2271 496 2337 eliquanto
511 2285 543 2324 ,ex
557 2276 695 2338 tempore,
715 2285 797 2347 qnam
812 2283 830 2320 a
844 2281 919 2331 cura,

127 2345 478 2414 praestantior-haberetur.
517 2345 681 2414 Composuit
696 2342 919 2410 etcurmenlyri-

126 2433 203 2482 cum,
224 2421 301 2470 euius
320 2426 362 2471 est
380 2420 491 2472 titulum
522 2418 678 2488 Conquestio
698 2415 920 2472 dehortantis
984 2455 985 2470 ι

127 2501 219 2546 morte.
257 2492 336 2544 Fecit
351 2500 379 2543 et
389 2492 497 2546 Graeca
510 2499 652 2562 potmuta,
671 2495 795 2546 imitatum
808 2488 919 2558 Eupho·
984 2491 985 2500 ³

126 2565 232 2617 uionem
252 2573 280 2618 et
292 2563 429 2617 Rhianum
449 2574 477 2618 et
494 2567 685 2624 Partheniumr
709 2568 809 2638 quibus
827 2565 919 2634 poetis
