1964 2970
129 77 163 128 18
333 80 335 84 ’
403 80 431 126 G.
457 79 644 126 sulinontn

130 200 278 254 invenerit.
315 199 498 252 Exisdmatur
511 199 595 252 edam
605 205 743 266 equestres
754 215 850 265 everis
861 195 928 270 pol-'

130 275 224 326 licitus
234 273 363 340 singulist
384 273 458 340 quod
469 274 571 326 accidit
585 273 715 340 opinione
729 272 811 326 falsa.
849 275 923 328 Nam

131 361 214 416 quum
224 347 253 398 ln
264 346 430 414 alloquendo
441 345 667 413 exhortandoque
681 349 792 414 saepius
803 348 923 415 digitum

130 420 225 472 laevae
235 435 332 472 manue
343 426 483 473 ostentans
494 421 650 483 affirmaret,
661 435 691 470 se
701 420 737 470 ad
747 420 921 474 satisfacien-

131 493 195 546 dum
207 494 345 558 omnibus,
360 509 409 561 per
419 509 489 562 qnos
499 494 660 561 dignitatem
670 509 748 546 suam
759 494 922 548 defensamus

60 561 64 568 ’
132 573 216 632 esset,
237 567 368 620 annuum
382 582 491 635 quoque
510 582 598 635 aequo
620 568 711 618 animo
733 567 922 620 detractrmrm

131 641 198 694 sibi:
218 647 339 694 extrema
349 641 627 705 eonci0,0uifaeiliue
636 647 697 692 erat
706 641 798 692 videre
809 643 922 693 concio·

130 721 253 778 nantem,
269 729 351 781 quam
366 714 473 778 audire,
489 729 539 781 pro
555 715 629 765 dicto
644 715 762 781 aceepit,
775 715 849 781 quod
859 715 924 766 visu

132 789 336 856 suspicabatur:
363 788 583 855 promissumque
604 789 649 838 ius
675 789 839 841 annulorum
859 804 923 840 cum

131 863 253 914 millibus
264 861 457 928 quadringenis
467 861 542 913 fama
553 862 669 912 distulit.

187 933 314 989 XXXIV.
336 934 411 988 Ordo
423 941 450 986 et
464 951 570 988 summa
584 951 687 999 rerum,
709 950 777 1002 quas
792 934 923 1004 deinceps

132 1009 226 1077 gessit,
237 1008 278 1060 sic
287 1024 316 1070 se
326 1007 435 1061 liabent.
472 1007 610 1074 Picenum,
621 1010 771 1074 Umbriam,
782 1007 923 1061 Etruriam

134 1083 292 1153 occuparit:
312 1088 339 1134 et
352 1082 386 1137 L.
397 1082 536 1148 Duratio,
557 1085 618 1151 qui,
638 1099 687 1150 per
699 1083 847 1134 tumultmn
861 1099 923 1134 sire-

134 1173 227 1211 oessor
237 1158 295 1210 eius
305 1159 475 1223 nominatus,
491 1158 642 1212 Corfinium
652 1159 791 1226 praesidio
801 1157 922 1221 tenebat,-

132 1233 163 1284 in
174 1233 340 1286 deditionem
350 1233 463 1286 redacto
478 1237 560 1300 atque
574 1233 702 1297 dimisso,
718 1231 866 1284 seeundum
877 1247 922 1282 su-

133 1321 229 1374 perum
238 1321 313 1358 mere
322 1306 500 1360 Bnmdisirm
509 1308 632 1372 tetendit,
644 1323 698 1375 quo
711 1303 923 1358 considesPom·

134 1380 266 1448 peiusque
281 1379 473 1448 confugerant,
494 1383 694 1449 quamprimum
706 1378 921 1432 transfretaturi.

134 1453 197 1505 Hos
209 1453 314 1504 frustra
324 1469 373 1520 per
388 1470 481 1508 omnes
495 1470 588 1506 moras
598 1456 674 1506 exitu
685 1453 828 1520 prohibere
840 1467 922 1504 oona-

134 1533 193 1591 tns,
212 1526 327 1578 Romam
341 1527 394 1579 iter
409 1529 554 1582 convertit:
579 1527 776 1594 appellatisque
791 1526 824 1578 de
843 1542 924 1594 repu-

135 1601 210 1653 blica
224 1601 361 1667 patn'hue,
381 1600 566 1652 validissimas
580 1599 706 1666 Pompeii
725 1600 832 1665 copias,
853 1615 926 1667 quae

137 1675 187 1725 sub
205 1674 294 1726 tribus
313 1672 424 1738 legatis,
444 1673 484 1724 M.
498 1671 608 1724 Petreio
628 1679 655 1724 et
664 1671 698 1722 L.
713 1671 827 1724 Afranio
843 1680 871 1725 et
884 1675 924 1726 M.

136 1747 275 1810 Varrone,
289 1747 319 1798 in
328 1746 467 1813 Hispania
475 1752 568 1810 erant,
581 1747 694 1810 invasit,
710 1744 850 1813 professus
862 1755 926 1800 ante

136 1822 208 1874 inter
218 1819 379 1884 suos,ireae
389 1820 575 1872 adextreitma
585 1819 721 1882 sinedrae,
734 1819 925 1873 etiadereoer·
942 1831 957 1850 ·

138 1910 227 1947 ruram
241 1895 277 1948 od
290 1895 379 1946 ducem
393 1893 448 1946 eine
463 1894 587 1946 exercitu.
625 1894 662 1945 Et
676 1910 840 1962 quamquam
852 1897 926 1947 obsi-

139 1969 220 2021 dione
225 1967 377 2032 Massiliae,
383 1983 453 2036 quae
463 1969 517 2020 sibi
526 1969 555 2020 in
565 1968 663 2020 itinere
673 1975 767 2037 portas
779 1970 926 2033 clauserat,

139 2059 297 2111 summaque
306 2041 501 2096 frumentariae
515 2043 555 2096 rei
564 2044 680 2111 penuria
689 2037 854 2107 retardante,
866 2043 927 2096 bre-

138 2118 167 2168 vi
176 2123 267 2168 tamen
278 2118 371 2170 omnia
381 2117 496 2184 subegit.

195 2190 309 2244 XXXV.
320 2190 393 2243 Hinc
398 2192 470 2243 Urbe
480 2193 597 2258 repetita
606 2191 831 2256 inlllaeedoniam
837 2195 928 2242 traua

139 2280 262 2332 grossam,
275 2263 449 2332 Pompeium,
469 2282 517 2333 per
531 2272 649 2333 quatuor
659 2281 745 2332 paene
755 2281 860 2316 menses
870 2281 929 2316 ma-

140 2339 222 2390 ximis
234 2339 373 2390 obsessum
389 2335 530 2406 operibus,
551 2340 587 2390 ad
601 2345 749 2390 extremum
764 2336 928 2392 Pharsalico

140 2412 247 2481 proelio
258 2411 345 2466 inditi
363 2419 390 2464 ot
399 2413 545 2480 lugientem
555 2412 747 2464 Alexandriam
759 2423 929 2478 persecutus,

141 2492 174 2539 ut
185 2487 306 2542 occisum
318 2485 503 2552 deprehendit,
515 2503 575 2537 cum
586 2486 745 2538 Ptolemaeo
757 2500 833 2550 rege,
845 2501 930 2553 aquo

143 2560 197 2612 sibi
208 2561 441 2629 quoqueinsidias
451 2561 527 2614 tendi
536 2559 659 2627 videbat,
670 2559 772 2612 bellrmr
782 2573 849 2610 sane
860 2559 932 2612 diffi-
