1992 2962
142 107 195 164 ist
423 110 451 156 c.
472 107 662 182 suenonis

142 247 217 297 minu
237 231 429 300 moetusque
439 231 474 282 nd
484 229 681 300 poenitentiem
692 227 889 295 defectoribus,
902 247 944 284 se-

143 309 239 376 quenti
252 306 297 358 die
310 307 413 358 iseum
427 306 499 356 iuter
513 305 602 356 lectos
617 309 791 360 canutomu
809 304 944 372 epinicia,

144 395 215 452 quse
224 382 281 432 iem
291 395 364 432 nunc
373 380 428 432 sibi
438 380 567 446 componi
577 383 726 446 oporteret.

198 453 298 507 new.
317 454 349 505 iu
362 453 554 521 preeperende
567 452 741 519 expeditione
757 452 878 520 primenti
894 467 944 504 cu·

141 543 202 584 mi
212 527 310 580 hebuit
319 527 457 594 deligendi
466 525 600 591 vehiculu,
611 525 756 594 portendis
766 526 885 578 scenicis
896 539 942 578 or·

140 604 231 672 μω,
238 595 473 670 concubinasque,
480 615 549 668 ques
559 615 652 653 secum
661 600 797 664 educeret,
803 600 943 652 tondendi

140 676 179 729 ed
188 677 297 728 virilem
306 675 431 739 modum,
449 681 480 727 et
493 675 635 726 securibus
644 674 781 742 peltisque
790 673 942 726 emenoni·

142 749 356 822 cisinstruendi.
379 749 447 800 bion
457 749 546 800 tribus
556 749 678 800 urbenes
689 748 724 799 ed
734 741 942 804 recrementum

142 825 252 886 citevit3
264 837 297 875 ee
305 822 382 875 nulio
393 823 494 876 idoneo
505 823 696 890 respondente,
703 827 807 874 cenum
817 821 943 875 dominis

141 913 283 951 servorum
297 911 438 948 numerum
452 891 567 959 indinit3
590 912 641 949 nec
654 897 710 947 nisi
723 909 757 949 ex
770 901 832 948 tote
847 897 943 948 meins·

143 988 197 1044 que
209 971 318 1026 fundus
330 971 557 1039 probatissimos,
577 987 611 1022 ne
626 970 863 1038 dispensatoribus
879 972 941 1040 qui-

141 1046 205 1098 dem
225 1052 274 1098 eut
293 1046 505 1097 amanuensibus
522 1046 656 1112 exeeptis,
675 1045 788 1112 recepit.
826 1042 941 1097 Pertem

140 1122 228 1174 edem
239 1134 336 1171 census
347 1133 441 1171 omues
452 1119 562 1172 ordines
573 1118 697 1171 conferre
710 1119 793 1186 iussit
799 1133 811 1180 ς,
824 1124 855 1169 ct
863 1118 940 1170 insu·

142 1209 192 1263 per
205 1193 359 1263 inqiniinios
376 1193 547 1260 privaturum
562 1193 671 1244 eedium
687 1197 770 1260 etque
783 1191 940 1244 insulsum

142 1269 302 1337 pensionem
317 1282 436 1332 ennuem
449 1273 655 1336 repraesentem
669 1267 746 1320 iisco.
783 1263 940 1336 Exegitque

141 1343 249 1410 ingenti
258 1341 574 1396 festidioetecerbitete
583 1336 723 1394 nummum
733 1355 874 1409 asperum,
896 1355 940 1393 er-

142 1421 253 1485 geutum
268 1417 452 1482 pustuietum,
472 1431 569 1468 eurum
579 1415 620 1468 od
635 1417 792 1480 obrussem3
810 1421 844 1468 ut
856 1415 940 1483 pieri·

143 1503 314 1558 queomnem
326 1489 503 1542 colietionem
512 1489 605 1558 puisrn
615 1496 787 1554 recusarent,
803 1505 941 1543 censensu

143 1563 312 1630 nemteutes,
328 1563 526 1618 edelntoribus
535 1565 630 1632 potius
639 1565 796 1618 mouendo
805 1566 940 1632 praemis,

144 1651 322 1707 qtseeeuuque
332 1637 475 1704 cepissent.

200 1709 286 1776 XLV.
307 1709 349 1762 Ex
360 1725 485 1762 nunonem
496 1726 606 1779 quoque
617 1713 733 1779 comte
744 1711 940 1784 [inurentium]

144 1786 265 1841 accrevit
273 1784 388 1836 invidie.
426 1783 497 1844 Nem
508 1785 617 1838 etiorte
628 1787 738 1853 eccidit,
748 1787 818 1840 utin
827 1787 943 1854 publice

143 1859 217 1913 ierne
226 1857 413 1911 Alexandrina
426 1860 505 1911 nevis
518 1862 696 1912 nuncieretur
704 1861 843 1929 pulverem
854 1860 941 1913 lucte-

144 1935 254 1988 toribus
264 1933 363 1985 euticie
375 1933 526 1999 advexisse.
557 1933 650 1996 Quare
660 1937 782 1988 omnium
793 1937 822 1988 in
832 1951 862 1987 ee
872 1936 941 1988 odio

142 2009 273 2073 incitem,
293 2005 364 2060 nibil
379 2007 604 2060 contumeliarum
619 2008 719 2075 detuit,
741 2011 807 2077 quin
826 2010 941 2061 subiret.

146 2083 330 2136 stutumcius
340 2097 358 2134 e
366 2079 710 2152 verticecirrusnppositns
721 2090 763 2137 est
773 2099 833 2136 cum
843 2083 941 2136 mecd-

144 2158 241 2226 ptione
249 2156 371 2221 Grecce,
387 2155 465 2210 Nunc
475 2157 576 2208 demum
585 2173 675 2227 ogone
685 2174 750 2222 esee,
761 2164 797 2225 et,
811 2155 943 2210 iisdem

146 2231 260 2283 tandem.
300 2231 419 2282 Alterius
430 2231 503 2284 coilo
515 2237 542 2282 et
552 2244 686 2298 accepere
697 2232 832 2300 deligata,
847 2231 941 2298 simui-

147 2319 200 2371 que
209 2305 320 2356 tiutlus:
339 2304 403 2374 Ego
413 2305 577 2373 qetdpoiist‘i
594 2306 641 2357 scd
654 2315 683 2358 te
696 2307 798 2359 cuicum
811 2304 941 2358 mertini

145 2377 304 2446 Ascriptum
318 2385 347 2430 et
361 2379 508 2444 columnis,
530 2379 624 2432 Etiam
636 2380 726 2433 Gallos
741 2397 800 2432 cnm
809 2381 942 2434 contusio

146 2450 282 2500 excitasse.
320 2451 379 2502 iem
392 2454 520 2505 noctibus
533 2455 625 2520 iurgia
640 2469 700 2506 enm
715 2455 803 2506 servis
817 2454 942 2524 plerique

147 2521 316 2596 simulantes,
329 2527 425 2578 erebro
435 2526 563 2578 medum
573 2529 733 2593 poscebant.

202 2595 302 2648 xbvi.
322 2599 490 2652 'remeetur
505 2601 541 2652 ed
552 2599 608 2652 boc
622 2595 795 2656 eumenius
805 2603 942 2670 portentis
