1964 2970
127 84 162 142 ra
311 115 320 147 ,
402 84 429 130 c.
457 82 640 131 sunrourr

127 210 259 276 quantum
269 219 403 272 nusquam
413 210 503 268 esset,
512 209 664 267 exstruere,
684 203 788 270 repleto
800 207 828 255 et
842 217 919 256 eom.

102 317 106 324 „
125 280 241 348 planato
254 279 331 342 lacu,
350 278 380 330 in
395 293 449 345 qrro
463 275 643 340 naumachiae
658 277 843 344 spectaculum
857 277 920 328 edi-

126 354 217 417 derat,
237 351 427 418 theatrumque
446 360 567 403 summae
581 349 777 417 magnitudinis
791 351 917 417 Tarpeio

123 427 213 480 monti
227 426 376 487 aceubaus3
395 425 439 476 ius
454 425 534 476 civile
549 424 585 475 ad
600 430 701 475 cernam
717 423 827 474 modum
841 423 916 474 redi·

123 515 197 568 gere,
208 505 290 566 atque
300 513 334 550 ex
343 499 476 550 immensa
486 496 641 564 diffinaque
651 497 740 564 legum
752 499 832 564 copie
842 499 916 563 opti-

124 588 170 625 ma
184 588 308 641 quaeque
323 579 350 624 et
362 572 520 622 necessaria
537 572 567 622 in
585 571 768 637 paucissimos
788 570 916 622 conferre

124 647 226 709 librom
245 644 429 697 bibliothecas
440 644 561 696 Graecas
572 650 599 695 et
608 643 736 708 Laudas,
748 658 816 710 quas
826 644 916 694 maxi·

125 735 185 772 mas
194 726 297 789 posset,
308 718 458 785 publicare,
470 718 535 769 data
544 717 584 768 M.
594 717 716 769 Varroni
726 732 792 768 eura
803 731 915 784 compa·
928 749 931 754 ·

125 794 274 847 randarnm
289 807 322 844 ac
336 792 558 857 digerendarum3
578 791 682 842 siccare
691 790 852 858 Pomptinas
865 805 916 858 pa-

125 867 218 928 ludem
230 867 352 917 emittere
361 865 494 914 Fucinum
504 865 608 927 laeum3
619 865 692 915 viam
703 865 807 916 nrunire
818 865 919 916 amari

127 955 227 1008 supero
238 954 287 1006 per
296 938 431 1004 Apennini
440 938 552 989 dorsum
563 937 598 988 ad
609 938 731 989 Tiberim
741 951 839 1004 usqum
854 953 917 1005 per-

127 1014 223 1067 fodere
233 1011 376 1073 Isthmum
396 1011 503 1074 Dacos,
519 1011 568 1078 qui
581 1025 610 1063 se
624 1012 653 1062 in
663 1011 780 1063 Pontum
791 1018 818 1063 et
828 1009 917 1064 Thra·
969 1031 972 1038 .

128 1090 199 1142 ciam
210 1085 371 1149 effuderant,
383 1099 522 1147 coercere;
541 1099 606 1136 mox
619 1084 730 1137 Parthis
742 1083 845 1136 inferre
858 1086 917 1137 bel-

128 1162 185 1214 lum
195 1177 244 1230 per
254 1161 409 1212 Armeniam
419 1160 565 1222 minorem,
586 1160 705 1210 necnisi
716 1164 780 1211 anta
789 1165 918 1225 expertos

129 1235 243 1303 aggredi
252 1234 369 1302 proelio.
408 1233 491 1284 'l'alia
505 1238 629 1300 agentem
644 1240 726 1300 atque
740 1232 918 1284 meditantem

128 1325 204 1361 mors
214 1308 367 1376 praevenit:
388 1306 421 1359 de
432 1323 487 1375 qua
496 1308 657 1375 priusquam
668 1308 772 1368 dicam,
788 1321 833 1369 ea,
845 1321 918 1372 quae

130 1382 166 1433 ad
175 1381 292 1434 formam
304 1388 331 1432 et
340 1380 463 1432 habitum
474 1387 501 1432 et
511 1381 612 1432 cultum
623 1387 651 1432 ct
660 1381 918 1444 mores,necminus,

130 1470 202 1524 quae
212 1455 248 1506 ad
258 1455 351 1505 civilia
361 1461 389 1504 et
397 1455 499 1506 bellica
509 1456 568 1506 eins
579 1454 672 1505 studia
681 1455 845 1521 pertineant,
861 1468 919 1506 nou

130 1528 249 1580 alienum
260 1528 313 1578 erit
322 1528 475 1576 sunrmatim
488 1541 631 1592 exponere.

185 1598 272 1652 XLV.
295 1599 392 1651 Fuisse
411 1599 531 1649 traditur
551 1598 660 1650 excelsa
679 1605 798 1664 statura,
824 1601 919 1654 colora

131 1673 260 1736 candido,
271 1671 401 1724 teretibus
412 1672 551 1734 membris,
564 1686 611 1722 ore
621 1672 715 1738 paullo
727 1673 862 1739 pleniore,
877 1677 920 1726 ni·

130 1749 189 1816 gris
198 1745 354 1813 vegetisqne
365 1744 623 1808 oculis,valetudine
633 1761 774 1813 prospera,
780 1747 835 1799 nisi
845 1750 921 1815 quod

130 1831 255 1888 tempore
265 1825 386 1871 extremo
398 1825 507 1885 repente
519 1819 610 1870 animo
622 1819 723 1887 linqui,
740 1826 821 1888 atque
835 1823 921 1874 etiam

130 1910 180 1964 per
199 1909 324 1946 somnum
346 1893 477 1945 exterreri
495 1891 612 1944 solebat.
651 1894 792 1945 Comitiali
811 1911 921 1963 qnoque

131 1969 229 2021 morbo
244 1968 287 2019 bis
300 1968 372 2035 inter
385 1982 429 2017 res
449 1965 569 2034 agendas
590 1973 737 2035 correptae
750 1975 800 2020 est.
840 1970 922 2022 Circa

133 2043 258 2110 eorporis
269 2056 360 2093 euram
372 2041 522 2106 morosior,
542 2047 574 2092 ut
587 2057 643 2092 non
657 2041 746 2105 solum
760 2042 923 2098 tonderetur

133 2117 278 2184 diligenter
289 2131 322 2166 ac
331 2114 485 2178 raderetur,
497 2114 545 2166 sed
554 2115 700 2168 velleretur
710 2117 805 2180 etiam,
820 2122 852 2168 ut
862 2120 922 2198 pui-

134 2189 196 2242 dam
208 2191 454 2257 exprobraverunt3
465 2189 572 2240 ‘calvitii
581 2204 646 2242 vero
654 2190 860 2258 'deformitatem
870 2193 922 2244 ini-

102 2261 118 2314 '.
134 2264 265 2332 qrdssime
283 2261 378 2327 ferret,
400 2262 615 2315 obtrectatorum
635 2278 718 2331 saepe
740 2265 812 2316 iocis
836 2265 923 2318 obno-

132 2339 207 2388 xiam
219 2343 367 2403 expertus„
383 2336 512 2404 ,ideoque
523 2345 551 2388 et
560 2336 729 2389 deiicientem
741 2338 870 2406 capillum
880 2355 923 2392 re-

134 2425 235 2464 vocare
247 2410 374 2464 avertice
385 2416 555 2473 assueverat,
576 2416 604 2463 et
617 2426 652 2463 ex
665 2413 792 2464 omnibus
805 2412 925 2466 decretis

135 2484 190 2538 sibi
201 2499 218 2536 a
228 2490 324 2536 senatu
334 2485 492 2553 populoque
506 2483 658 2536 honoribus
671 2501 728 2538 non
739 2486 814 2538 aliud
826 2493 925 2542 autre-

137 2559 209 2628 cepit
223 2565 271 2610 ant
284 2559 428 2626 runrpavit
446 2559 588 2626 libentius,
607 2575 689 2630 quam
703 2561 747 2616 ius
757 2560 869 2616 laureae
879 2578 925 2618 co·
