1986 2960
118 19 122 26 .
208 2 212 11 ,
266 2 322 64 a*
362 1 375 52 J

243 65 448 152 mitreum.
485 104 663 153 cans-s.
796 102 846 158 161

10 273 14 304 ‚
59 227 215 292 mendacio,
236 226 311 296 quod
324 233 387 278 autc
401 241 501 278 annum
515 224 572 278 iere
585 231 667 278 natm
682 225 845 280 Gemanica

59 305 131 356 filius
142 302 241 353 Tiburi
249 301 344 366 fuerit,
363 300 517 370 appellatus
528 300 623 368 etipse
635 300 664 350 C.
677 301 791 352 Gaesarr
812 301 846 353 dc

59 379 136 431 cuius
150 375 265 426 amabili
277 376 396 444 pueritia
409 375 611 442 immutatoque
626 373 704 426 obitu
713 388 796 441 supra
806 375 846 426 di·

56 455 156 504 ximus.
193 448 313 500 Plinium
324 449 416 516 arguit
429 449 503 500 ratio
517 454 679 514 temporum.
716 446 847 514 Numqui

57 542 101 578 res
111 524 227 591 Augusti
236 524 384 576 memoriae
397 519 573 586 mandarunt,
595 520 787 572 Germanicum
800 535 845 572 cx·

58 606 120 666 acto
133 597 277 649 consulatu
285 598 315 648 in
326 596 447 648 Galliam
456 597 569 648 missum
583 595 767 658 consentiunt,
789 596 845 646 iam

56 680 122 726 nato
143 671 221 722 Gaio.
259 669 317 722 Nec
335 669 420 721 Plinii
440 671 596 738 opinionem
615 669 759 736 inscriptio
780 682 845 720 arae

58 742 845 815 mmmfflmemmmmfflmmm

56 821 138 889 gionc
153 819 225 870 filias
240 819 322 870 enixa
334 819 383 882 sit,
406 824 433 870 et
446 818 642 904 qualiscunque
656 822 765 884 partus,
786 816 845 866 sine

55 894 123 946 ullo
124 907 205 944 sexus
215 892 384 957 discrimine,
391 891 559 959 puerperium
568 897 693 955 vocetur;
712 890 787 958 quod
798 905 845 942 nn·

55 967 128 1034 tiqui
136 967 219 1018 etiam
229 965 334 1034 puellas
341 982 451 1034 puerum
466 967 539 1018 sicut
552 972 580 1018 et
589 980 688 1033 pueros
694 966 793 1031 puellos
804 963 849 1035 (li-¹

56 1039 329 1094 commolimus
343 1047 370 1092 et
382 1040 499 1108 Augusti
513 1039 643 1108 epistola,
664 1045 726 1090 anto
738 1027 849 1124 paucos

55 1129 138 1184 quam
150 1115 239 1165 obiret
248 1129 353 1166 cieuses
368 1115 404 1166 ad
415 1115 591 1182 Agrippinam
605 1119 712 1180 neptem
726 1114 767 1164 ita
777 1114 843 1164 scri-

53 1196 105 1258 pta
119 1188 152 1239 de
163 1187 231 1239 Gaio
242 1185 354 1240 hoc
308 1191 407 1255 (neque
421 1189 493 1240 enim
503 1188 664 1256 quisquam'
656 1199 712 1238 nam
722 1186 811 1238 alius
804 1201 844 1238 m·

53 1263 117 1315 funs
136 1262 246 1313 nomine
264 1263 326 1329 pari
342 1269 410 1313 tuno
429 1265 595 1328 supereratls
620 1260 736 1312 Puerum
752 1258 845 1312 Caium

55 1335 246 1404 quintodecimo
255 1333 390 1386 Kalendae
399 1333 483 1400 Iunii,
494 1335 519 1387 si
527 1334 566 1386 dii
574 1335 670 1397 volent,
682 1343 714 1386 ut
723 1334 845 1386 ducerem

58 1409 182 1462 Talarius
201 1418 229 1461 et
242 1409 364 1473 Asellius,
385 1407 444 1460 beri
461 1424 520 1461 cum
537 1407 578 1460 bb
593 1407 725 1461 consumi.
764 1405 845 1460 Mitto

50 1493 193 1552 praeterea
203 1499 261 1536 cum
271 1500 300 1534 eo
310 1499 342 1535 ex
352 1482 431 1535 seroie
441 1482 504 1534 mmo
514 1483 652 1545 nuditum,
668 1497 743 1550 quem
752 1481 847 1550 scripsi

56 1557 223 1620 Gerasaoico,
235 1557 347 1619 sicelet,
359 1567 391 1610 ut
396 1557 530 1610 retineret.
556 1555 667 1621 Valebis,
678 1573 736 1610 mea
745 1557 844 1627 Agrip·

51 1631 127 1699 pina,
138 1640 166 1683 et
174 1631 248 1684 dabis
257 1647 370 1698 operam,
382 1641 413 1684 ut
420 1634 507 1684 colem
512 1631 650 1700 perversius
660 1632 697 1684 ad
706 1631 844 1684 Gemmas·

55 1709 116 1758 cum
134 1713 216 1756 tuum.
254 1706 367 1758 Abunde
387 1708 507 1759 arbitror
526 1713 631 1774 patere,
652 1721 708 1758 nou
721 1706 845 1774 potuisse

54 1780 96 1831 ibi
105 1781 183 1831 nasci
194 1780 302 1845 Culum,
324 1795 377 1846 quo
392 1795 478 1849 prope
492 1781 612 1832 bimulus
627 1780 731 1832 demum
746 1778 844 1848 perdu-

54 1859 116 1905 ctus
127 1853 163 1904 ab
172 1854 244 1906 Urbe
255 1855 301 1906 sit.
325 1853 529 1908 versiculorum
540 1871 648 1923 quoque
658 1853 738 1907 fidem
749 1853 844 1908 eudem
891 1898 895 1911 ,

7 1921 844 1997 ’ΜωωωπωΜΜΛΜΜωηωο

54 2007 128 2054 sunt.
167 2000 312 2070 Sequenda
320 2003 405 2068 igitur
415 2009 469 2068 est,
481 2018 551 2070 quoe
562 2002 623 2054 sola
632 2007 729 2065 restat,
739 2000 845 2068 publici

53 2075 230 2128 instrumenti
244 2076 408 2140 auctoritas,
428 2077 587 2144 praesertim
603 2091 685 2144 quum
700 2075 782 2128 Cuius
792 2074 844 2126 An·

53 2150 126 2199 tium
130 2186 138 2213 ,
150 2151 277 2202 omnibus
288 2166 394 2218 semper
403 2151 473 2203 locis
484 2157 565 2218 atque
575 2149 727 2202 secessibus
737 2148 858 2218 praelu·

53 2229 127 2286 tom,
141 2238 198 2276 uon
209 2223 289 2275 aliter
299 2239 380 2290 quam
390 2225 483 2276 natale
493 2225 582 2277 solum
593 2223 732 2285 dilexerit;
751 2223 845 2276 uada·

52 2303 155 2363 torque
175 2298 257 2348 etiam
277 2297 368 2348 sedem
388 2313 421 2350 ac
440 2299 609 2352 domicilium
627 2298 737 2366 imperii
749 2297 843 2351 taedio

51 2370 139 2422 Urbis
147 2370 296 2422 menslerre
305 2387 339 2424 eo
351 2371 510 2426 damnasse

108 2443 159 2495 lx.
180 2441 337 2511 Culigrrlae
343 2459 494 2513 cognomen
514 2445 647 2499 castrensi
664 2446 729 2498 ioco
748 2445 842 2508 nuxit,
900 2457 903 2460 “

48 2515 120 2586 quic
139 2519 323 2587 manipulario
343 2517 440 2572 babitu
457 2521 529 2574 inter
546 2520 647 2572 milites
666 2517 843 2572 educabatur

47 2589 132 2658 Apud
148 2607 218 2660 quos
233 2600 364 2660 quantum
377 2599 519 2664 praetcrea
528 2609 577 2664 per
586 2592 656 2648 hanc
666 2581 843 2648 nutrimento·

84 2682 232 2730 sunnon.
618 2687 639 2733 b
