1964 2970
211 115 341 164 lunius
369 114 523 164 clusin.
558 115 637 164 CAP.
656 119 739 164 1-o.
849 116 871 168 ’3

70 239 128 294 iam
143 234 287 290 mensibus
300 237 420 304 aufidi,
436 239 511 291 circs
520 235 735 290 Pharmacusam
750 237 870 292 insulam

71 313 290 380 apraedonibus
306 318 404 381 captus
415 319 470 376 est3
489 313 645 380 mansitque
661 313 735 380 apud
750 329 798 366 eos
814 329 871 368 non

69 389 130 440 sine
140 403 249 439 mmma
259 388 421 456 dignatione
430 403 516 456 prope
527 387 712 456 quadraginta
722 388 795 454 dies,
808 405 868 442 cum

68 477 125 514 uno
145 463 256 515 medico
278 469 308 514 et
326 462 504 514 cubiculariis
524 461 648 525 duobus3
672 477 736 513 nam
753 464 867 515 comites

69 552 221 605 servosque
237 543 344 588 eeteros
358 536 440 588 initio
456 523 550 588 statim
566 535 602 586 ad
622 526 807 605 expediendas
822 553 866 604 pe-

69 613 181 676 cunias,
198 611 299 679 quibus
310 610 503 674 redimeretur,
519 609 671 662 dimiserat.
709 609 867 664 Numeratis

68 685 169 738 deinde
180 685 382 753 quinquaginta
390 685 511 748 talentis,
523 685 665 752 expositus
674 685 703 736 in
714 685 866 750 litore,non
892 691 901 710 ·

68 759 190 824 distulit,
201 759 269 826 quin
279 759 422 826 evestigio
434 759 522 810 classe
532 758 649 810 deducta
658 767 868 827 persequeretur

67 835 217 900 abeuntes,
233 849 267 884 ac
276 833 405 885 redamas
414 834 444 884 in
454 836 619 900 potestatem
629 834 780 902 supplicio,
792 835 867 904 quod

65 908 124 959 illis
135 923 222 976 saepe
232 909 353 960 minatus
363 908 435 960 inter
444 907 537 959 iocum
547 905 645 973 iuerat,
658 909 800 976 afficeret·
812 908 867 960 Va·

67 989 159 1034 stante
169 983 299 1049 regiones
314 983 455 1050 proximas
466 978 642 1046 Mithridate,
657 999 692 1034 ne
702 982 828 1036 desidere
838 984 867 1034 in

68 1057 233 1109 discrimine
243 1057 384 1109 sociorum
393 1057 546 1121 videretur,
563 1055 598 1107 ab
609 1054 723 1122 Rhodo,
741 1071 796 1124 quo
807 1073 867 1125 per-

70 1131 215 1195 tenderat,
231 1131 345 1182 transiit
358 1133 388 1182 in
403 1131 512 1194 Asiam3
533 1131 701 1199 auxiliisque
716 1131 867 1204 contractis

17 1207 18 1210 ’
69 1213 95 1256 et
103 1204 251 1274 praelecto
262 1207 335 1273 regis
345 1206 491 1273 provincia
499 1205 625 1272 expulso,
636 1210 764 1256 urrtantes
776 1219 809 1257 ac
819 1205 867 1257 du·

20 2731 26 2832 l

70 1279 131 1332 bias
143 1279 508 1332 civitatesretinuitinlide.
767 1335 769 1341 ,

123 1354 163 1407 V.
183 1355 342 1406 Tribunatu
355 1351 487 1417 militum,
509 1353 558 1420 qui
576 1353 681 1420 primus
695 1353 811 1406 Romam
826 1371 867 1407 re·

71 1444 153 1481 verso
169 1444 219 1496 per
234 1424 370 1497 sufragia
384 1429 482 1498 populi
495 1427 586 1480 honor
607 1428 719 1496 obtigit,
739 1436 869 1484 auctores

71 1503 261 1557 restituendae
274 1504 440 1556 tribuniciae
453 1504 615 1572 potestatis,
633 1505 710 1556 cuius
724 1505 779 1556 vim
791 1504 870 1557 Sulla

72 1579 256 1642 diminuerat,
267 1579 426 1630 enixissime
435 1578 515 1630 iuvit.
525 1578 560 1630 L.
572 1580 655 1632 etiam
667 1580 785 1643 Cinnae,
800 1593 870 1632 uxo·

70 1654 112 1704 ris
122 1652 218 1718 fratri,
230 1653 316 1720 etqui
326 1669 387 1705 cum
398 1669 431 1705 eo
443 1653 519 1705 civili
529 1654 670 1706 discordia
680 1653 819 1723 Lepidum
829 1668 870 1705 se-

72 1728 140 1791 cuti,
150 1734 216 1795 post
224 1742 318 1780 necem
329 1727 451 1780 consulis
468 1728 504 1779 ad
515 1729 667 1786 Sertorium
679 1728 869 1796 consurgerent,

71 1802 194 1853 reditum
208 1802 239 1852 in
254 1802 393 1871 civitatem
408 1804 553 1870 rogatione
563 1803 657 1855 Plotia
668 1803 800 1867 confecit,
821 1800 868 1853 ha-

73 1877 190 1944 buitque
200 1877 297 1944 etipse
308 1879 391 1945 super
401 1893 435 1928 ea
444 1893 473 1930 re
485 1879 654 1934 concionem.

102 1949 106 1956 '
131 1949 179 2001 Vl.
201 1951 340 2012 Quaestor
349 1951 449 2003 luliam
460 1955 572 2004 amitam
588 1967 756 2019 umoremque
769 1951 869 2003 (lorne-

75 2025 143 2076 liam
160 2025 305 2077 defunctas
320 2025 446 2078 laudavit
461 2043 476 2079 e
490 2043 567 2080 more
581 2042 633 2095 pro
649 2027 759 2078 rostris.
797 2026 833 2077 Et
843 2027 871 2076 in
930 2071 935 2079 .

75 2099 179 2152 amitae
190 2100 301 2168 quidem
311 2101 472 2154 laudatione
483 2102 517 2153 de
532 2104 591 2154 eins
602 2117 636 2153 ac
645 2102 733 2170 patris
744 2100 788 2152 sui
797 2107 871 2152 utra-

76 2189 131 2241 que
142 2175 251 2242 erigine
261 2175 303 2226 sic
312 2175 410 2227 refert:
430 2175 536 2228 Amitae
546 2192 619 2228 meae
630 2175 715 2226 inlice
725 2183 873 2228 maternum

73 2265 161 2316 genas
171 2250 205 2300 ab
215 2249 427 2319 regibusortcm,
436 2247 577 2318 paternum
588 2267 646 2304 cum
657 2249 707 2302 diis
716 2249 872 2306 immortali-

77 2323 125 2374 bus
134 2323 304 2376 coniunctum
315 2333 362 2376 cet.
402 2323 472 2378 Nam
482 2325 515 2377 ol
526 2325 599 2379 Anco
610 2321 715 2394 Marcio
726 2332 789 2376 eunt
798 2321 873 2376 Mer-

77 2397 115 2449 rr's’
129 2395 232 2467 Reges,
254 2414 305 2464 quo
324 2398 429 2451 nomine
442 2399 505 2471 suit
523 2411 625 2462 mutem·
654 2416 672 2451 a
691 2397 791 2451 Venere
802 2397 874 2459 Iulii,

75 2472 152 2524 cuius
160 2471 367 2543 gentitsamile‘a
378 2483 419 2526 est
431 2483 531 2526 coroa.
569 2475 621 2526 Est
630 2491 695 2544 ergo
705 2475 734 2524 in
742 2490 839 2541 genere
850 2480 877 2522 et

74 2563 172 2616 regum
182 2547 324 2610 eunomus,
346 2548 393 2615 qui
402 2548 546 2616 plurimum
560 2549 630 2600 inter
645 2547 762 2598 homines
768 2545 875 2611 pollent,

75 2629 104 2672 st
112 2620 277 2674 caerimonia
287 2620 406 2674 Deorum
411 2658 419 2686 ‚
441 2638 551 2689 quorum
565 2621 617 2690 ipsi
629 2621 658 2671 in
669 2626 801 2686 potestate
817 2621 878 2665 runt

549 2711 678 2780 ⁴nr
