1964 2970
114 133 152 199 aa,
393 133 419 179 c.
447 131 629 180 susrouu

114 255 183 307 baec
198 249 446 319 constituebantur,
468 255 623 322 quindecim
642 255 775 307 mensium
790 270 851 306 crim
867 257 910 308 in-

113 329 276 394 tercalario,
299 331 347 398 qui
361 344 395 382 ex
409 329 606 381 consuetudine
616 330 645 381 i'n
656 345 717 381 eum
728 343 828 380 annum
839 331 911 382 iuci-

114 403 201 455 derat.
526 455 532 460 ,

169 476 243 528 XLI.
259 476 387 529 Senabrm
399 477 546 545 supplevit:
562 476 696 545 patricios
707 475 815 543 allegit:
826 491 908 544 prae·

113 556 213 615 torum,
226 551 365 615 aedilium,
378 558 567 618 quaestorum,
578 553 714 602 minorum
725 551 806 602 etiam
818 552 909 618 magi-

114 631 249 676 stratuum
267 641 408 676 numerum
428 626 583 692 ampliavit:
606 624 726 675 nudatos
741 639 823 690 opere
844 640 909 676 cen-

114 699 203 762 sorio,
216 705 264 749 aut
273 701 408 750 sententia
416 699 538 750 iudicum
549 698 582 750 de
593 699 698 766 ambitu
709 697 909 751 condemnatos

114 773 244 824 restituit.
285 773 405 824 Comitia
416 789 476 830 cum
487 772 591 840 populo
602 773 720 840 partitus
731 778 784 823 est:
804 777 847 835 ut,
860 787 908 824 cx·

116 846 203 913 ceptis
215 840 374 896 consulatus
385 847 625 913 competitoribus,
641 845 675 896 de
690 851 779 896 cetero
791 860 909 898 numero

116 918 334 984 candidatorum,
346 936 396 986 pro
407 927 485 987 parte
497 920 625 984 dimidia,
641 935 711 986 quos
721 919 840 986 populus
850 920 910 971 vel·

114 991 165 1057 let,
186 994 444 1060 pronunciarentur;
468 1010 518 1061 pro
539 999 617 1062 parte
638 993 737 1058 altera,
758 1008 827 1059 quos
846 993 911 1060 ipse

116 1067 257 1118 edidisset.
286 1065 322 1118 Et
332 1067 431 1119 edebat
441 1084 489 1135 per
501 1067 618 1132 libellos,
631 1068 731 1119 circum
742 1067 831 1117 tn'bus
841 1068 910 1118 mis·

116 1157 172 1206 ses,
183 1141 319 1209 scriptura
328 1143 419 1193 brevi:
440 1141 538 1193 Caesar
549 1141 663 1194 dictator
672 1141 713 1192 tui
722 1139 811 1192 tribui.
830 1139 909 1192 Com-

116 1217 207 1268 mendo
221 1215 292 1268 vobit
306 1215 378 1268 illum
391 1226 419 1268 et
432 1216 516 1278 illum,
537 1225 569 1268 ut
581 1224 666 1268 oestw
680 1213 812 1284 suffragio
831 1230 910 1266 tuam

116 1289 274 1358 dignitatem
285 1299 400 1343 tenesne
437 1291 556 1343 Admisit
570 1291 605 1342 ad
619 1289 738 1342 honores
749 1295 777 1340 et
786 1290 907 1355 proscri-
951 1341 958 1350 ,

115 1369 226 1430 ptorum
246 1363 358 1417 liberos.
396 1365 503 1430 Iudicia
523 1365 559 1417 ad
579 1365 634 1417 duo
658 1379 759 1431 geueru
782 1361 908 1415 iudicum

116 1437 234 1504 redegit,
249 1440 383 1504 equestris
394 1440 499 1491 ordinis
514 1455 547 1492 ac
560 1439 705 1491 senatoriis
724 1437 850 1490 tribunos
861 1451 908 1489 ae·

116 1511 220 1574 rarios,
236 1511 310 1578 quod
326 1519 386 1564 erat
398 1515 522 1576 tertium,
538 1513 657 1564 sustulit
694 1511 846 1563 Recensum
855 1525 907 1578 po-

116 1585 177 1652 puli
186 1600 237 1635 nec
245 1600 324 1649 more¹
331 1601 382 1637 nee
391 1586 455 1638 loco
466 1587 564 1649 solito,
579 1586 628 1636 sed
637 1584 748 1636 vicatim
759 1598 808 1652 per
819 1584 908 1636 domi-

117 1673 169 1710 nos
187 1657 338 1709 insularum
358 1660 427 1726 egit,
451 1665 534 1727 atque
554 1674 587 1709 ex
606 1659 706 1726 viginti
724 1659 909 1726 trecentisque

117 1732 240 1784 millibus
255 1733 448 1799 accipientium
462 1732 626 1814 frumeutrpu
637 1729 652 1785 e
662 1731 788 1801 publico,
799 1723 835 1782 ad
846 1748 907 1786 cen·

117 1805 519 1873 tumquinquagintaretraxit.
557 1808 597 1859 Ac
609 1823 644 1860 uc
662 1807 710 1875 qui
727 1806 794 1858 novi
813 1813 908 1858 coenis

117 1875 382 1932 recensionis'causa
391 1881 497 1940 moveri
510 1882 675 1950 quandoque
689 1887 814 1950 possent,
828 1880 908 1932 insti-

117 1955 183 2018 tuit,
205 1955 352 2022 quotannis
365 1957 395 2007 in
410 1955 615 2008 demortuorum
628 1957 721 2010 locum
739 1968 772 2011 ex
790 1954 838 2018 iis,
860 1956 906 2022 qui

117 2025 248 2081 ¹recensiti
256 2036 420 2094 nonessent,
432 2031 594 2084 subsortitio
607 2037 761 2100 apruetore
771 2030 856 2081 fieret.

173 2102 260 2154 XLII.
281 2103 429 2172 Octoginta
440 2113 530 2157 autem
541 2107 639 2158 civium
651 2105 773 2158 millibus
782 2104 811 2156 in
820 2111 907 2154 trans·

118 2177 240 2228 mariuus
255 2177 380 2231 colonias
394 2179 562 2246 distributis,
582 2187 614 2232 ut
631 2179 780 2233 exhaustae
798 2192 908 2244 quoquc

118 2251 188 2303 Urbi
206 2249 361 2319 frequentia
380 2261 549 2321 suppeteret,
574 2256 677 2319 sanxit,
702 2252 819 2320 nequis
840 2251 908 2302 civis

118 2326 210 2376 maior
221 2327 300 2377 annis
309 2327 408 2394 viginti
418 2329 541 2382 minorve
552 2329 747 2398 quadraginta,
759 2325 808 2392 qui
818 2339 907 2376 saera-

119 2406 211 2451 meuto
226 2415 281 2452 non
295 2406 444 2467 teneretur,
465 2403 527 2470 pius
540 2404 659 2455 triennio
682 2400 811 2455 continuo
826 2398 908 2450 ltalia

121 2475 242 2526 abesset:
262 2477 316 2526 neu
326 2477 388 2543 quis
398 2478 535 2528 senatoris
546 2478 628 2542 filius,
639 2477 695 2528 nisi
705 2471 908 2533 contubernalis

120 2554 169 2599 nsit
179 2565 271 2601 comes
281 2551 467 2617 magistratus,
478 2566 590 2619 peregre
600 2551 831 2618 proficisceretur:
843 2561 908 2598 neve

119 2618 157 2690 bi,
169 2625 218 2692 qui
227 2625 387 2693 pecuariam
397 2623 531 2690 facerent,
547 2627 636 2678 minus
646 2625 729 2678 tertia
738 2627 817 2690 parte
826 2620 909 2688 pube·
