1992 2962
340 189 453 239 urso.
488 189 565 240 esu
584 195 667 240 ι-ι.
819 185 824 195 ’
848 189 898 244 229

107 311 225 368 Claudio
235 314 383 381 ‚imperium
397 314 511 382 adepto,
522 330 578 368 non
592 315 681 367 solum
691 321 820 384 paternas
831 331 898 382 opes

106 389 291 455 recuperavit,
303 389 351 440 sed
361 394 388 440 et
399 389 489 456 Crispi
499 389 625 440 Passieni
634 390 726 440 vitrici
734 390 779 440 sni
792 387 898 441 heredi·

106 469 164 516 sate
178 462 282 513 ditatus
296 468 346 514 est.
386 461 485 514 Gratia
494 463 604 530 quidem
615 468 642 514 et
651 463 776 530 potentia
785 477 897 514 revoca·

104 545 152 590 tae
165 537 362 604 restitutaeque
375 538 472 588 matris
486 551 573 606 usque
583 552 616 589 eo
626 536 733 600 floruit,
747 542 779 588 ut
788 551 896 587 emana-

103 616 149 664 ret
157 611 187 662 iu
196 609 305 677 vulgus,
317 611 416 661 missos
427 611 612 674 a'Messaiina
622 625 708 663 uxore
719 609 837 673 Claudii,
849 611 897 677 qui

22 689 29 694 “
107 699 168 736 eum
178 684 381 746 meridiantenn
395 685 476 752 quasi
485 684 639 736 Britannici
649 683 797 747 aemulum,
808 692 897 734 stran-
932 681 968 762 )<

106 757 240 825 gelarent.
283 757 413 808 Additum
432 758 543 810 fabulae
563 764 602 822 et,
622 757 733 810 eosdem
747 757 897 809 dracones

104 830 220 898 pulvino
234 846 264 882 se
277 829 434 898 proferente
453 832 617 884 conterritos
636 831 778 899 refugisse.
819 829 896 902 Quae

105 903 203 956 fabula
215 911 313 956 exorta
325 911 380 968 est,
389 903 575 972 deprehensis
588 905 618 956 iu
635 905 706 957 lecto
720 905 780 956 eius
794 903 896 956 circum

3 1015 4 1022 .
105 978 257 1031 cervicalia
268 980 402 1044 serpentis
417 979 535 1030 exuviisz
550 993 624 1048 quas
637 985 729 1030 tamen
743 993 842 1030 aureae
854 993 896 1029 ar·

105 1051 200 1104 millae
212 1066 247 1104 ex
260 1052 402 1104 voluntate
415 1053 512 1104 mattis
525 1053 646 1104 inclusas
666 1052 763 1104 dextro
781 1049 896 1104 brachio

106 1126 225 1193 gestavit
244 1125 433 1192 aliquamdiu3
463 1142 496 1179 ac
514 1127 608 1178 taedio
628 1126 737 1178 tandem
757 1131 897 1177 maternae

104 1199 255 1252 memoriae
274 1200 392 1264 abiecit,
415 1215 564 1267 rursusque
588 1201 717 1252 extremis
737 1200 795 1252 suis
815 1200 897 1252 rebus

104 1271 208 1324 frustm
217 1273 369 1340 requisivit.

162 1344 222 1398 vu.
242 1347 332 1408 Tener
342 1345 439 1411 adhuc,
452 1303 685 1398 necdum‘mstura
694 1347 826 1413 pueritie,
838 1347 897 1398 cir-

107 1420 233 1472 censibus
247 1421 320 1472 ludis
331 1419 445 1472 Troiam
460 1417 680 1472 constantissime
694 1418 898 1472 favorabiliter-

106 1509 159 1560 que
169 1493 244 1546 lusit.
273 1491 422 1547 Undecimo
434 1495 533 1546 aetatis
543 1509 615 1547 anno
627 1494 770 1564 aciaudio
783 1495 898 1562 adopta-

106 1573 219 1631 tuaest,
239 1569 405 1636 Annaeoque
420 1568 552 1634 Senecae,
571 1567 628 1620 iam
637 1574 703 1620 tuuc
712 1569 847 1631 senatori,
867 1569 897 1619 in

105 1641 280 1708 disciplinam
303 1643 432 1694 traditus.
478 1641 595 1706 Ferunt,
616 1641 746 1695 Senecam
769 1643 897 1712 proxima

3 1747 4 1750 =
104 1721 187 1768 nome
197 1717 285 1768 vuum
294 1717 350 1768 sibi
359 1733 408 1782 per
418 1718 536 1787 quietem
551 1719 582 1768 G.
594 1717 708 1768 Caesari
720 1719 877 1786 praecipere
888 1733 896 1767 ι

106 1795 135 1842 et
143 1788 224 1840 iidem
234 1791 341 1844 somnio
352 1787 426 1842 Nero
436 1789 514 1842 brevi
522 1790 597 1854 iecit,
607 1791 718 1858 prodita
727 1791 897 1840 immanitate

3 1877 4 1888 ¹
105 1865 346 1934 naturae‚quibus
355 1866 472 1931 primum
482 1865 575 1932 potuit
584 1863 785 1932 experimentis.
814 1862 898 1914 Nam-

3 1961 4 1970 *
40 1945 49 1950 ‘
107 1951 161 2004 que
174 1935 364 1992 Britannieum
378 1937 503 2002 fratrem,
519 1938 593 2006 quod
608 1944 711 2008 sepot
721 1937 898 2004 adoptionem
934 1971 937 1974 -

109 2008 291 2064 Aenobarbum
307 2027 341 2064 ex
354 2012 551 2064 cousuetudine
564 2011 724 2075 salutasset,
737 2017 770 2062 ut
783 2009 899 2062 subditi-

107 2097 172 2136 vum
192 2085 265 2151 apud
289 2092 394 2151 patrem
414 2095 528 2154 arguere
547 2091 663 2138 conatus
683 2091 733 2138 est.
780 2083 897 2136 Amitam

109 2165 199 2209 autem
209 2158 344 2226 Lepidam
358 2173 433 2210 ream
442 2159 600 2211 testimonio
612 2173 705 2211 coram
716 2157 825 2223 afflixit,
837 2171 898 2226 gra·

107 2232 217 2282 titianus
231 2233 325 2296 matri,
341 2247 358 2282 a
369 2248 423 2300 qua
435 2248 483 2286 rea
493 2233 675 2302 premebatur.
713 2231 855 2285 Deductus
868 2233 898 2282 in

107 2303 200 2356 iorum
217 2303 287 2369 tiro,
306 2305 410 2371 populo
431 2305 613 2372 congiarium,
637 2305 719 2356 militi
738 2305 898 2358 donativum

107 2377 272 2446 proposuitr
290 2378 449 2445 indictaque
459 2379 621 2430 decursione
630 2380 826 2446 praetorianis,
838 2391 898 2431 scu·

107 2460 167 2504 trrm
181 2467 232 2504 sna
245 2465 328 2504 mauu
341 2453 489 2519 praetulits
510 2451 607 2502 exinde
620 2451 694 2519 pstrl
703 2454 808 2519 gratias
817 2453 846 2503 in
857 2467 898 2503 se·

107 2527 250 2596 transegit.
288 2527 368 2596 Apud
378 2526 492 2578 eundem
503 2524 642 2600 consulem
655 2541 705 2593 pro
715 2523 898 2577 Bononiensi·
964 2529 969 2540 '

107 2603 160 2654 bus
169 2601 263 2668 latine,
273 2619 324 2671 pro
336 2601 452 2654 Rhodiis
463 2607 544 2668 atque
552 2599 698 2670 iliensibus
707 2613 805 2667 graece
813 2599 898 2650 verba

75 2739 79 2744 ,
107 2675 182 2732 iecit.
225 2677 390 2746 suspicatus
404 2684 446 2730 est
460 2682 487 2731 et
507 2673 723 2730 inunctionem
743 2672 898 2742 praefectus
