1964 2970
201 95 457 146 OGTAVIANUS.
494 99 571 144 GAP.
590 99 704 148 34-38.
816 95 847 150 71

59 235 111 289 qne
122 220 244 272 instituit
259 219 376 271 consilia
390 220 486 272 sortiri
500 220 734 283 semestria,¹.cum
750 223 849 291 quibus

58 294 226 361 denegeldis
242 295 277 344 ad
290 291 459 360 frequentem
473 300 597 344 senatum
616 293 766 346 referendis
787 304 849 349 ante

56 372 198 420 tractaret.
238 367 392 418 Sententiae
408 367 441 418 de
454 368 561 420 maiore
574 368 686 434 negotio
700 384 756 420 uon
772 386 848 422 more

55 456 145 508 neque
165 440 273 505 ordine,
294 441 344 492 sed
361 446 445 508 prout
458 441 595 506 libuisset,
615 443 794 508 perrogabat=
817 450 849 495 ut

55 514 171 583 perinde
180 514 295 581 quisque
306 513 426 565 animum
435 513 595 580 intenderet,
608 529 641 566 ac
651 516 676 566 si
684 516 848 569 censendum

54 588 146 655 magis
157 602 239 654 quam
249 587 449 639 assentiendum
461 593 541 639 esset.

111 659 239 713 XXXVI.
258 661 362 712 Auctor
376 667 403 712 et
417 660 533 712 alierum
547 676 637 714 rerum
652 662 717 714 fuit:
737 663 846 731 inquis,

55 751 90 788 ne
101 740 166 786 acto
175 733 285 786 renatus
295 734 512 802 publicarentur;
531 751 566 786 ne
575 737 754 803 magistratus
765 738 847 805 depo·

56 811 111 860 sito
122 805 228 859 honore
238 809 331 859 statim
341 809 370 858 in
380 809 536 875 provincias
546 810 730 874 mitterentur3
744 817 776 862 ut
784 826 848 879 pro-

56 881 216 934 consulibus
231 882 268 932 ad
285 881 376 932 mulos
396 887 423 933 et
441 868 629 964 tejemaculn,
650 900 720 952 quae
736 885 847 954 publice
909 902 915 920 r

55 956 147 1007 locari
165 954 303 1020 solebant,
329 960 404 1010 certa
427 957 544 1022 pecunia
565 958 788 1021 constitueretur3
816 965 848 1010 ut

57 1044 124 1080 curn
138 1029 240 1080 aerarii
255 1044 272 1080 a
291 1030 483 1096 quaestoribus
502 1031 615 1082 urbanis
636 1031 672 1081 od
691 1032 847 1098 praetorios

55 1108 230 1170 praetoresve
254 1102 397 1165 transiret3
430 1108 462 1154 ut
486 1104 707 1155 centumuiralem
730 1101 846 1167 hostem,

56 1192 137 1243 qnam
149 1182 296 1243 quaestura
305 1175 602 1228 frmctieonsueverant
611 1192 722 1244 cogere,
744 1177 847 1228 decem·

54 1251 254 1316 virieogereut.

110 1321 250 1386 XXlillll.
267 1323 383 1390 Quoque
392 1322 485 1390 plures
495 1327 601 1389 partem
612 1323 845 1378 administrandae

54 1397 222 1464 reipublicae
238 1403 377 1463 caperent,
398 1411 472 1447 nova
487 1396 579 1447 officio
597 1398 777 1465 excogitavit:
802 1415 846 1451 cu·

53 1485 114 1521 ram
129 1485 240 1536 operum
261 1471 447 1538 publiconun,
467 1471 588 1534 viarum,
609 1485 753 1539 aquarum,
775 1471 847 1526 alvei

53 1544 177 1608 Tiberis,
197 1543 327 1596 frumenti
345 1543 449 1612 populo
470 1543 624 1609 dividendi,
644 1545 846 1613 praefecturam

53 1618 151 1681 Urbis,
165 1618 366 1670 triumviratum
377 1617 486 1685 legendi
495 1623 619 1682 senatus,
640 1625 667 1670 et
678 1620 793 1672 alterum
803 1636 845 1672 re·

53 1691 239 1758 cognoscendi
257 1698 362 1743 turmas
381 1691 517 1758 equitum,
541 1693 756 1761 quotiescunque
776 1709 846 1762 opus
913 1707 924 1718 ··

53 1770 135 1816 essct.
179 1765 324 1829 Censores,
349 1765 565 1818 crearidesitos
585 1767 669 1834 longo
689 1766 845 1831 intervallo,

54 1839 171 1890 crearit:
191 1853 331 1890 numerum
347 1844 504 1906 praetomm
520 1841 605 1891 unxit.
643 1839 743 1906 Exegit
752 1841 844 1906 etiam,

53 1919 97 1976 ut,
110 1912 218 1979 quoties
230 1913 389 1964 consiliatur
398 1913 453 1964 sibi
463 1913 586 1977 daretur,
600 1914 682 1966 binos
692 1929 743 1980 pro
754 1913 846 1980 singu-

52 1985 89 2036 lis
110 1985 232 2054 collegas
251 1985 375 2039 haberet:
405 2002 456 2038 neo
476 1987 608 2051 obtinuit,
632 1987 846 2039 reclamantibus

52 2061 172 2124 mustis,
188 2061 256 2112 satis
266 2062 436 2112 maiestatem
446 2060 653 2124 eiusimminui,
674 2059 748 2126 quod
759 2057 845 2112 hono·

51 2147 109 2186 rent
120 2149 181 2185 eum
192 2149 248 2184 non
258 2135 343 2199 soluts,
354 2134 403 2186 sed
413 2149 473 2186 cum
485 2134 572 2186 altero
583 2138 696 2200 gereret.

106 2207 261 2260 XXXVlll.
281 2207 339 2260 Nec
352 2209 464 2275 parcior
476 2208 504 2258 in
518 2206 620 2259 bellica
637 2207 738 2258 virtute
757 2203 844 2262 hono·

49 2281 152 2358 rande,
174 2297 256 2348 super
269 2283 383 2350 triginta
398 2281 513 2333 ducibus
527 2281 616 2332 iustos
630 2278 796 2348 triumphos,
818 2287 846 2334 et

50 2355 196 2424 aliquanto
217 2355 342 2422 pluribus
365 2354 545 2422 triumphalia
569 2360 729 2406 ornamenta
753 2356 844 2408 decer-

47 2430 140 2481 nenda
152 2430 267 2480 current.
301 2429 411 2481 Liberis
421 2434 588 2491 senatorum,
599 2443 655 2494 quo
667 2428 782 2481 celerius
791 2429 844 2482 rei·

47 2503 178 2570 publicae
189 2507 385 2566 asssreseerent,
390 2503 518 2569 protinus
526 2501 633 2554 virilem
644 2507 747 2569 togam,
757 2502 844 2553 latum

48 2577 157 2632 clerum
172 2577 300 2641 induere,
320 2581 349 2630 et
364 2577 457 2630 esulae
470 2575 603 2628 interesse
616 2577 753 2643 permisit:
772 2574 844 2629 mili-
