1986 2960
148 117 198 170 lii
422 119 449 167 C.
473 119 662 168 sossrouu

148 243 285 308 derantur,
297 242 438 294 accusavit
446 257 495 308 per
504 241 612 307 literas,
624 244 796 296 amarissime
806 251 950 314 congestis

148 319 231 371 etiam
241 318 364 384 probris,
379 324 406 369 et
416 317 555 369 indicatos
565 316 658 370 hostes
667 316 740 371 lame
754 320 876 384 necavit,
892 322 949 374 Nc·

146 406 243 445 renem
253 393 282 444 in
292 390 498 456 insulel'ontla,
510 391 631 444 Drusum
640 393 669 443 in
679 391 736 444 ima
746 393 947 458 partel'alstii.

145 465 260 530 Putant,
281 465 418 518 Neronem
433 465 468 517 ad
481 465 668 518 voluntariam
678 473 795 518 mortem
806 475 945 535 cocenim,

118 562 129 587 ι
146 555 229 609 quum
244 539 419 604 sicamina,
440 541 520 606 quasi
534 554 569 592 ex
579 545 689 592 senatus
701 541 867 594 anctoritate
877 545 945 597 mis-

145 630 205 679 sus,
220 614 335 682 laqueos
350 620 473 666 otuncos
484 620 647 679 ostentaret,
662 613 755 667 Druso
767 621 858 667 autem
869 617 943 671 adeo

145 689 277 740 alimenta
286 689 430 753 subducta,
440 694 473 740 ut
480 695 632 744 tomentum
642 703 657 740 c
667 687 784 742 culcitra
793 693 944 745 tentaverit

143 762 285 825 mandere;
310 764 453 814 amborum
475 764 516 814 sic
533 763 659 830 reliquiis
678 762 824 831 dispersis,
844 767 942 818 utrix

144 836 311 904 quandoque
320 836 413 904 colligi
424 843 545 903 possent.

199 909 259 962 LV.
280 909 368 978 Super
376 917 481 962 veteres
492 913 597 966 amicos
612 925 645 964 ac
658 910 824 977 familiares,
839 913 942 980 viginti

143 985 199 1036 slbi
208 1001 223 1038 e
232 999 345 1038 numero
355 986 509 1052 principum
521 987 641 1037 civitatis
650 986 857 1054 depoposcerat,
864 988 943 1041 velut

141 1060 320 1112 consiliarios
339 1061 369 1111 in
387 1061 508 1126 negotiis
526 1060 655 1126 publicis.
693 1061 802 1114 Horum
815 1055 941 1116 omnium

141 1134 189 1184 vix
209 1135 278 1187 duos
299 1140 347 1186 ent
364 1141 420 1186 tres
439 1133 591 1188 meolumes
605 1135 757 1202 praestitit,
778 1142 942 1204 ceterosque

142 1207 228 1260 alium
239 1208 295 1260 alia
307 1209 340 1261 de
350 1223 434 1260 cansa
444 1209 570 1275 perculit.
607 1210 682 1263 Inter
696 1226 766 1278 quos
780 1227 842 1262 cum
852 1210 940 1278 pluri·

141 1298 249 1335 morum
259 1282 337 1334 clade
347 1283 453 1336 Aelium
459 1283 596 1349 Seianum,
609 1299 688 1353 quem
698 1285 735 1336 ad
745 1301 878 1338 summam
887 1297 940 1353 po·

52 1397 56 1404 .
141 1359 256 1408 tentiam
266 1373 322 1409 non
336 1364 394 1410 tam
407 1359 600 1411 benevolentia
613 1367 789 1427 provexerat,
810 1375 892 1428 quam
907 1368 942 1414 ut

142 1437 226 1496 esset,
248 1432 325 1483 cuius
340 1433 492 1486 ministerio
509 1449 541 1486 ac
554 1433 700 1487 fraudibus
710 1435 813 1488 liberos
824 1433 940 1488 Gornea-
973 1499 974 1502 Ἴ

142 1505 198 1556 uici
209 1507 429 1571 circumvenissem
449 1514 631 1576 nepotemque
645 1525 737 1575 sunm,
758 1525 792 1563 ex
802 1509 895 1561 Druso
906 1511 940 1560 ii-
973 1545 974 1554 ι

141 1579 209 1630 lium
218 1581 379 1647 naturalem,
387 1582 629 1636 adsuccessioncm
637 1585 939 1652 imperiiconfimsaret.

197 1652 269 1706 LVI.
290 1654 385 1708 Nihilo
410 1657 500 1710 lenior
521 1658 551 1709 in
576 1661 747 1712 convictores
773 1657 939 1724 Graeculos,

142 1728 241 1796 quibus
250 1729 295 1782 vel
304 1731 422 1782 maxime
433 1734 637 1798 acquiescebat,
648 1730 939 1798 Zenonemquendam,

141 1803 305 1872 exquisitius
315 1805 938 1873 sermocinantem,qunmlnterrogasset,quae-

140 1878 323 1931 mmillotam
333 1880 440 1931 molesto
450 1880 575 1932 dialectos
584 1887 661 1942 esset,
681 1877 938 1945 etillerespondis-

141 1959 196 2016 set,
206 1951 334 2007 Doridem
338 1990 346 2018 ,
361 1951 495 2022 relegavit
506 1954 657 2017 Cinariam,
664 1953 826 2005 existimans
837 1969 938 2021 expro-

139 2027 248 2080 bratum
263 2028 318 2080 sibi
331 2036 449 2080 veterem
463 2043 612 2091 secessum,
633 2026 708 2094 quod
719 2026 822 2078 Dorice
832 2025 939 2082 Rhodii

139 2101 297 2168 loquantur.
315 2101 384 2154 Item
395 2119 478 2170 qnam
487 2102 590 2153 soleret
599 2115 632 2154 ex
643 2101 760 2154 lectione
771 2101 939 2168 quotidiana

141 2177 316 2243 quaestiones
326 2192 408 2244 snper
418 2191 530 2228 coenam
540 2183 738 2243 proponere,et
747 2177 938 2244 comperisset,
973 2215 974 2220 η

141 2247 283 2302 Seleucum
297 2251 505 2319 grammaticum
519 2265 536 2302 a
550 2251 684 2304 ministris
699 2253 757 2304 suis
767 2253 936 2322 perquirere,

140 2338 210 2391 quos
225 2339 334 2394 quoque
352 2332 475 2391 tempore
487 2331 621 2380 tractaret
636 2333 776 2393 stratores,
798 2333 880 2397 atque
894 2329 937 2380 ita

139 2405 333 2465 praeparatum
339 2400 449 2464 ‘venire;
459 2401 577 2467 primum
589 2419 606 2454 a
617 2403 797 2456 contubernio
808 2403 936 2466 removit,

139 2471 238 2524 deinde
247 2474 330 2524 etiam
343 2474 377 2525 ad
388 2481 503 2527 mortem
514 2479 655 2548 compulit.

195 2543 280 2597 Lvil.
300 2545 390 2597 Saeva
401 2563 434 2600 ac
444 2549 518 2602 lenta
528 2559 628 2604 natura
643 2568 677 2604 ne
687 2553 716 2604 in
726 2565 811 2618 puero
823 2549 935 2618 quidem

138 2618 232 2669 latuit:
254 2633 335 2685 quam
346 2617 511 2675 Theodorus
522 2624 678 2690 Gadareus,
689 2625 845 2726 rhqtodmo
855 2639 934 2692 prae·
