1992 2962
146 147 196 202 ιιι
241 147 246 156 “
420 150 447 195 c.
474 147 658 196 suarouu
710 153 717 162 ·
758 115 761 118 ’

145 271 365 342 praecipitatum.
388 269 583 338 Prodigiorum
592 269 656 321 loco
667 267 762 321 habita
772 275 836 321 sunt
845 271 939 336 etiam,

147 362 217 416 quae
227 344 299 398 forte
309 345 359 397 illo
370 346 431 411 ipso
443 345 487 396 die
497 343 591 411 paullo
601 344 678 409 prius
688 343 854 396 acciderant.
890 345 940 398 Sa·

148 421 274 476 arilicans
287 435 427 486 respersus
442 424 484 470 est
496 417 704 486 phoenicopteri
718 419 864 484 sangiune.
903 419 942 470 Et

145 493 454 562 pantomimusMnes'ter
463 491 634 566 tragoediam
644 491 756 542 saltavit
756 505 858 558 ,quam
869 491 938 544 olim

145 567 342 632 Neoptolemus
351 554 499 633 tragoedus
510 565 590 630 ιιιιιιι,
597 528 937 632 quibusrexi'iiacedonum

145 639 290 708 Philippus
301 640 408 692 occisus
419 645 460 690 est
460 645 580 704 ,egerat
615 637 652 689 Et
661 637 935 706 quuminLaureolo

145 715 242 778 minio,
262 714 292 764 in
306 729 360 781 quo
377 719 455 764 actor
469 711 622 779 proripiens
637 727 666 763 se
679 712 760 763 ruina
774 710 936 778 sauguinem

144 788 243 850 vomit,
264 787 356 854 plures
376 785 556 837 secandarum
576 786 700 837 certatim
720 785 934 852 experimentum

145 861 213 912 artis
224 861 331 923 darent,
348 875 445 912 curere
455 874 536 912 scena
547 857 704 911 abundavit.
742 858 899 910 Parabatur
909 866 936 910 et
991 925 992 928 Ἴ

144 935 173 985 ιιι
192 939 298 985 noctem
320 932 515 1000 spectaculum,
536 938 591 1000 quo
607 937 766 1000 argumenta
783 931 936 990 lnieroruur
991 943 992 960 ¹

144 1021 194 1074 per
203 1007 353 1074 Aegyptios
364 1013 391 1058 et
400 1005 549 1074 Aethiopas
560 1005 769 1073 explicarentur.

199 1080 297 1132 LVlll.
308 1080 532 1132 NonoKaleudas
537 1079 711 1149 Februarias,
722 1078 792 1130 hora
800 1075 883 1146 quasi
892 1088 933 1132 se-

143 1156 238 1221 ptima,
250 1160 400 1219 cunctatus,
408 1169 442 1205 an
454 1154 489 1204 ad
499 1153 643 1220 prandium
654 1161 789 1220 surgeret,
794 1161 934 1206 marcente

144 1227 234 1281 adhue
244 1228 384 1280 stomacho
395 1229 516 1294 pridiani
526 1227 582 1280 eibi
592 1243 685 1291 onere,
695 1226 805 1278 tandem
816 1227 932 1282 suaden-

142 1303 218 1353 tibus
237 1303 333 1354 amicis
353 1317 478 1370 egressus
497 1313 547 1353 est.
587 1301 677 1362 Quum
699 1302 728 1351 in
753 1305 862 1367 crypta,
883 1315 933 1366 per

144 1389 226 1442 quam
245 1377 439 1428 transeundum
459 1381 531 1438 erat,
550 1376 630 1441 pueri
647 1375 755 1426 nobiles
769 1387 803 1425 ex
815 1374 883 1425 Asia
896 1374 934 1426 ad

144 1448 263 1500 edendas
273 1450 301 1500 in
312 1465 393 1501 scena
408 1464 506 1516 operas
519 1449 627 1500 evocati
640 1453 880 1518 praepararentur,
901 1455 934 1500 ut

89 1554 101 1580 ι,
143 1536 191 1573 eos
202 1521 348 1588 inspiceret
357 1521 578 1589 hortanturque,
598 1523 708 1573 restitit.
745 1520 933 1588 Aeuisipriu-

144 1609 207 1662 ceps
218 1597 308 1662 gregis
320 1597 410 1662 algere
420 1612 450 1647 se
460 1596 570 1659 diceret,
580 1595 671 1650 redire
683 1610 716 1646 ac
725 1601 931 1662 repraesentare

143 1669 328 1734 spectaculum
337 1670 434 1720 voluit.
472 1669 580 1736 Duplex
591 1667 773 1722 deltinciama
787 1674 836 1720 est.
875 1668 933 1720 Λιιι

141 1742 266 1806 tradunt,
287 1743 551 1810 alloquenti-pueros
567 1757 584 1793 a
596 1750 674 1810 tergo
686 1741 835 1796 Chaeream
845 1743 931 1794 cervi-

143 1831 201 1868 cem
221 1815 314 1882 gladio
334 1817 434 1868 caesim
448 1817 567 1884 grauiter
580 1817 758 1882 percussisse,
779 1817 933 1883 praemissa

58 1937 59 1940 ,
104 1947 106 1950 ,
142 1903 218 1954 voce,
230 1889 366 1960 Hccoge,·
387 1890 803 1953 dehinccorneliumsabinum,
816 1889 934 1942 alterum

143 1965 481 2055 econiuratistribunum,
502 1979 536 2016 ex
546 1963 661 2016 adverso
671 1963 813 2015 trucensis
823 1970 932 2028 pectus
991 1975 992 1978 ’

143 2039 205 2102 alii,
227 2020 370 2103 Sabinum,
391 2044 527 2090 scammata
543 2053 592 2104 per
612 2038 737 2090 conscios
758 2037 932 2090 centuriones
991 2079 992 2104 ,

141 2113 236 2177 turba,
252 2115 358 2180 signum
368 2128 444 2164 more
454 2113 569 2162 minoas
579 2113 692 2177 petrsse,
706 2117 747 2176 et,
764 2109 933 2172 aaronem
991 2107 992 2170 ἶ

142 2185 237 2250 dante,
253 2186 401 2238 Chaeream
412 2185 591 2248 exclamasse,
607 2184 823 2254 Aeespeimtum,
835 2185 932 2252 respi-
991 2203 992 2246 ς

102 2264 104 2278 “
143 2259 278 2326 cientique
292 2260 432 2312 anaxillam
446 2260 504 2310 ictu
518 2258 670 2311 discidisse
709 2259 845 2310 lucentem
864 2273 931 2309 eon-
991 2261 992 2292 3

140 2334 290 2400 tractisque
310 2334 437 2384 membris
456 2332 652 2397 clamitantem,
673 2333 824 2395 scrivere,
845 2332 934 2384 ceteri,
991 2339 992 2378 l

140 2403 298 2456 vulneribus
311 2407 425 2477 triginta
439 2405 621 2458 confecerunt.
660 2407 731 2458 Nam
746 2406 854 2472 signum
869 2411 932 2458 crat

142 2477 261 2528 omnium
264 2479 386 2545 ,Repete
418 2479 534 2541 Quidam
545 2479 928 2546 etiamperobseenalerrum

142 2548 299 2615 adegerunt.
336 2552 376 2600 ld
387 2554 502 2617 primum
513 2554 655 2607 tumultum
667 2553 802 2604 lecticarii
812 2569 874 2604 cum
885 2569 930 2604 as·

140 2623 274 2674 seribus
266 2641 295 2674 m
314 2625 446 2676 amilium
463 2632 686 2688 Ιιοιιιιιιιιιιιιιιιι
710 2629 775 2680 mox
795 2625 929 2682 Germani

295 2711 298 2716 .
949 2697 961 2722 Ο
