1964 2970
133 91 167 142 so
294 125 297 134 ,
407 94 434 140 e.
456 62 649 141 sunroun

132 212 277 279 Ancharia,
289 220 317 267 et
327 214 444 284 Octauia
452 215 573 278 minore,
582 215 647 266 item
657 213 793 280 Augurem,
810 229 876 282 quos
886 231 916 268 ex

132 289 196 339 Atia
205 288 315 348 tulerat.
354 289 418 340 ntia
427 289 467 340 M.
477 289 541 340 Atio
551 287 643 339 Balbo
653 293 681 338 et
689 287 773 352 lulia,
784 304 878 340 sorore
889 291 917 341 C.

133 363 273 427 Caesaris,
294 363 387 432 genita
396 369 448 414 est.
485 362 602 425 Balbus,
617 362 917 428 paternastirpeslrici·
943 391 944 400 κ

130 451 191 500 nus,
202 436 296 489 multis
306 437 336 488 in
345 436 453 488 familia
463 435 610 488 senatoriis
621 436 797 500 imaginibus,
809 451 826 486 a
835 443 918 488 matre

129 506 262 578 Magnum
281 510 442 579 Pompeium
466 509 605 560 artissimo
626 509 802 575 contingebat
820 509 917 576 gradu:

129 583 292 652 inmotusque
303 582 408 636 honore
416 588 562 650 praeturae
571 581 916 650 intervigirrtivirosagrum

131 658 300 725 Campanum
319 657 394 725 plebi
413 657 485 707 lnlia
504 656 564 723 lege
584 656 688 708 divisit.
725 654 827 708 Verum
847 658 916 709 idem
972 717 973 720 Ἰ

129 731 277 798 Antonius,
293 730 447 799 despiciens
457 731 540 782 etiam
550 735 700 782 maternam
709 729 826 796 Augusti
837 731 917 800 origi-

129 819 200 869 nem,
210 803 486 872 proavumeiusnfri
495 805 602 872 generis
612 803 711 868 fuisse,
731 811 760 856 et
773 805 855 858 modo
869 821 917 857 un·

128 877 299 947 guentariam
308 879 464 944 tabernam,
478 878 561 930 modo
571 879 716 945 pistrinum
726 878 834 931 Aneiae
844 895 927 932 exerc
970 927 973 938 ,

130 953 219 1006 euisse
234 953 339 1004 obiicit.
369 953 491 1027 'Cassius
507 952 616 1020 quidem
629 951 786 1005 Parmensis
801 953 918 1021 quadam

129 1027 259 1095 epistola,
280 1027 627 1095 nontantumutpistoris,
647 1026 695 1078 sed
710 1028 793 1078 edam
802 1034 834 1078 ut
842 1043 917 1078 nunr-

127 1101 240 1154 mularii
251 1108 378 1170 nepotem
397 1103 438 1154 sic
455 1108 535 1154 taxat
548 1101 711 1169 Augustum:
731 1098 856 1154 Materne
870 1102 920 1154 titi

120 1177 220 1248 surina
240 1190 271 1229 ex
291 1176 444 1230 erudissimo
458 1175 566 1228 Aueiae
582 1174 710 1243 pistrino.-
733 1174 802 1228 tune
815 1175 918 1244 pineuit
946 1211 953 1220 -

127 1247 247 1303 mundius
257 1251 353 1320 eollpdo
365 1244 519 1306 decoloratis
530 1248 715 1302 Nerulonensis
724 1250 877 1302 mensurius.

182 1325 217 1376 V.
237 1325 326 1378 Natus
346 1331 388 1378 est
406 1326 544 1393 Augustus
563 1325 609 1390 Μ.Ι
624 1324 717 1376 Tullio
739 1324 870 1376 Cicerone
892 1333 919 1378 et

127 1398 247 1451 Antonio
259 1401 429 1464 consulibus,
444 1397 492 1452 lX.
511 1397 651 1450 Kalendas
662 1397 808 1463 Octobres,
822 1399 918 1466 paullo

128 1477 190 1524 ante
201 1471 269 1523 solis
280 1479 414 1538 exornem,
425 1473 540 1541 regione
549 1471 664 1535 Palatii,
676 1471 711 1522 ad
723 1470 822 1541 Capita
833 1473 919 1526 bubu-

127 1545 170 1597 la:
187 1547 236 1596 uhi
246 1561 318 1598 nuno
327 1547 478 1600 sacrarium
488 1543 581 1608 habet,
591 1545 732 1612 aliquanto
744 1554 820 1613 post,
836 1563 921 1616 quarn

104 1620 106 1628 '
127 1621 256 1683 excessit,
268 1620 463 1671 eonstitutnm.
501 1612 572 1669 Nam
586 1624 616 1669 ut
626 1626 736 1670 senatus
751 1621 820 1672 actis
832 1624 920 1692 conti-

126 1699 217 1758 netur,
233 1707 315 1761 quum
327 1692 357 1744 G.
367 1692 530 1764 Laetorius,
548 1692 707 1745 adolescens
717 1695 829 1760 patricii
839 1711 920 1764 geue-

126 1768 179 1832 ris,
193 1768 223 1818 in
232 1766 404 1835 deprecanda
414 1767 541 1836 graviore
552 1766 682 1818 adulterii
691 1783 793 1836 poena,
809 1777 921 1837 praeter

127 1847 245 1894 aetatem
260 1848 342 1910 atque
355 1842 461 1894 natales
476 1839 529 1893 hoo
544 1857 653 1909 quoque
662 1842 787 1910 patribus
798 1847 920 1897 conseri-

126 1918 182 1984 ptis
193 1917 332 1984 allegaret,
344 1931 404 1970 esse
413 1932 442 1968 se
452 1913 639 1984 possessorem
651 1931 684 1968 ao
692 1918 768 1970 velut
777 1919 923 1972 aedituum

127 1992 193 2056 soli,
209 1991 421 2063 'quodprimum
435 1991 470 2042 D.
486 1992 623 2059 Angustus
636 2006 752 2046 nascens
772 1994 922 2060 attigisset,

127 2073 283 2134 peteretque
303 2067 402 2118 donari
420 2067 501 2134 quasi
519 2067 633 2138 proprio
653 2081 704 2118 suo
728 2082 761 2118 ae
783 2067 925 2134 peculiari

128 2139 195 2192 deot
215 2141 353 2194 decretum
363 2147 415 2206 est,
430 2146 462 2193 ut
471 2155 505 2194 ea
514 2155 578 2209 pars
590 2140 689 2192 domus
701 2149 923 2196 consecraretur.

182 2213 230 2265 Vl.
250 2215 482 2268 Nutrimentorum
498 2217 557 2266 eins
573 2215 726 2268 ostenditur
740 2213 831 2267 adhue
839 2216 924 2268 loeus

43 2277 49 2280 ’
126 2288 156 2338 in
176 2289 251 2340 avito
272 2291 429 2348 suburbano
448 2291 527 2340 iuxta
543 2289 675 2353 Velitras,
696 2289 873 2357 permodicus
895 2299 926 2343 et

120 2361 214 2414 ‘cellae
224 2365 372 2430 penuariae
382 2365 482 2426 instem
496 2365 623 2431 tenetque
632 2364 800 2416 vicinitatem
812 2365 925 2431 opinio,
972 2371 973 2376 ’

127 2442 259 2503 tanquam
270 2443 297 2488 et
305 2445 387 2489 natus
396 2439 437 2490 ibi
451 2439 496 2490 sit.
534 2437 598 2489 Huc
611 2434 738 2502 introire,
758 2439 814 2489 nisi
826 2455 926 2492 neees-

129 2510 203 2561 sario
215 2516 242 2561 et
252 2517 334 2575 caste,
346 2513 443 2580 religio
456 2517 511 2576 est,
531 2519 664 2579 concepta
678 2512 809 2579 opinione
822 2515 925 2579 veteri,

128 2584 209 2652 quasi
217 2590 318 2638 temere
332 2587 494 2639 adeuntibus
505 2585 604 2640 horror
613 2586 725 2660 quidam
736 2592 763 2638 et
771 2593 861 2640 naeuus
874 2589 926 2642 ob*
