1964 2970
150 171 285 221 IULIUS
311 169 464 218 CAESAR.
499 171 712 228 casto—29.
795 171 829 224 15

39 299 141 352 tisiam
157 295 285 349 omnibus
300 300 328 348 et
341 303 472 361 quorsum
486 293 537 345 illa
549 294 692 348 tenderent
700 301 829 363 reputan-

37 375 121 437 tibus,
141 371 183 422 M.
195 369 327 420 Claudius
336 368 487 420 Marcellus
501 369 600 421 consul
614 369 705 422 edicto
720 370 828 438 praeia-

37 457 87 513 tns,
99 447 134 500 de
145 459 251 497 summa
260 459 290 495 se
299 443 442 511 republica
453 449 589 508 aetrnum,
600 445 696 496 retulit
706 444 742 495 ad
751 445 837 496 sena·'

13 519 14 522 ’
38 530 102 585 nrm,
112 525 146 570 ut
155 520 182 570 ei
192 517 384 572 succederetur
395 523 458 569 ante
467 523 587 584 tempus,
599 519 744 585 queniam,
753 519 828 572 bello

39 595 176 657 confecto,
196 607 252 660 pax
266 599 338 642 esset
352 607 384 642 ac
394 592 496 644 dimitti
506 591 618 644 deberet
627 593 717 644 victor
727 595 833 644 exerti·-

14 695 19 717 ι
37 678 91 732 tns3
111 674 184 720 etue
195 665 317 718 absentis
327 665 399 716 ratio
411 666 533 717 comitiis
542 663 703 729 haberetur,
718 667 827 734 quaudo

38 753 63 796 et
85 741 235 810 plebiscito
254 738 403 806 Pompeius
425 747 523 807 postea
542 741 714 808 abrogasset.
751 741 828 792 Acci·

39 819 114 870 derat
124 821 231 880 autem,
250 820 282 868 ut
291 814 329 878 is,
349 813 437 880 legem
450 814 485 866 de
498 816 559 866 iure
569 816 779 882 magistratuum
790 815 828 868 ie·
896 815 900 832 ¹

13 927 18 953 ι
38 909 111 956 rens,
132 906 167 942 co
183 889 286 957 capite,
307 903 365 956 quo¹
377 903 395 938 a
408 889 542 955 petitione
557 887 691 941 honorum
703 891 828 942 absentes

14 999 15 1026 ;
38 965 234 1028 summovebat,
245 979 280 1015 ne
291 963 437 1014 Gaesarem
447 963 557 1030 quidem
568 965 712 1031 exciperet,
722 979 771 1032 per
781 965 829 1016 ob-

14 1037 15 1060 ³
37 1042 180 1101 livionem3
204 1051 326 1101 acmox,
345 1031 829 1104 le'geiaminaesincisaetinaera·

13 1119 15 1134 ⁰
36 1118 106 1166 rium
125 1113 253 1176 condita,
273 1111 423 1178 corrigeret
441 1125 571 1164 errorem.
609 1111 668 1164 Nec
685 1119 829 1164 contentus

13 1177 18 1252 f
36 1189 186 1240 Marcellus
196 1187 356 1254 provincias
367 1186 480 1238 Caesari
495 1192 522 1238 et
530 1186 704 1253 privilegium
716 1187 829 1253 eripere,

13 1261 14 1270 ’
36 1263 132 1316 retulit
141 1262 235 1326 etiam,
245 1267 277 1312 ut
288 1260 403 1325 colonis,
415 1276 485 1327 quos
495 1261 641 1326 rogatione
650 1259 764 1312 Vatinia
774 1259 830 1310 Nc-

14 1351 15 1397 j
36 1345 211 1389 rumcomnm
221 1335 388 1398 deduxisset,
399 1336 497 1386 civitas
508 1335 686 1398 adimeretur,
698 1334 771 1402 qnod
782 1349 830 1401 per

13 1399 17 1428 ’
38 1412 218 1464 ambitionem
229 1416 256 1460 et
264 1409 340 1460 ultra
348 1409 547 1476 praescriptum
558 1409 624 1458 data
634 1415 713 1460 esset.

13 1513 15 1542 ι
91 1485 196 1538 XXIX.
217 1483 377 1536 Commotus
387 1481 430 1534 his
441 1484 544 1536 Caesar
554 1499 587 1534 ac
596 1483 731 1548 iudicans,
742 1483 830 1552 (quod

36 1575 121 1628 saepe
131 1575 166 1612 ex
176 1575 210 1612 ec
222 1559 345 1610 auditum
357 1557 477 1622 ierunt)
490 1557 629 1609 difficilius
640 1574 669 1610 se
679 1559 830 1626 principem

14 1633 20 1668 l
36 1635 160 1687 civitatis
172 1650 189 1685 a
202 1634 292 1702 primo
307 1633 405 1685 ordine
418 1633 448 1682 in
462 1632 622 1697 secundum,
644 1648 725 1702 quarn
741 1647 775 1685 ex
789 1649 831 1684 se-

37 1709 372 1772 cundcinnovissimum,
393 1706 515 1770 detrudi,
536 1723 641 1758 summa
657 1709 830 1775 operestitit,
862 1753 865 1758 .

35 1785 139 1852 partim
153 1798 203 1850 per
216 1784 413 1834 intercessores
427 1781 567 1846 tribunos,
587 1784 688 1849 partim
705 1796 755 1850 per
769 1781 830 1834 Ser-

36 1861 111 1910 vium
123 1856 286 1926 Sulpicium,
297 1857 413 1908 alterum
424 1856 574 1908 consulem.
597 1857 753 1924 Insequenti
763 1871 830 1924 quo·
913 1886 916 1890 ·

36 1949 91 2001 qne
102 1946 185 1995 anno,
197 1931 227 1982 C.
238 1931 383 1996 Marcello,
394 1931 443 1998 qui
451 1930 533 1992 fratri
542 1933 662 1999 patnreli
671 1947 722 1984 suo
732 1931 830 1984 Marco

33 2009 63 2060 in
75 2005 225 2058 consulatu
238 2012 420 2070 successerat,
436 2005 530 2056 eadem
544 2013 680 2071 tentante,
696 2004 831 2072 collegam

34 2084 97 2134 eius
107 2080 254 2133 Aemilium
264 2078 404 2144 Paullum,
426 2077 576 2148 Gaiumque
592 2082 752 2144 Curionem,
772 2080 830 2132 vio·

13 2165 15 2177 ¹
32 2155 220 2208 lentissimum
234 2155 421 2218 tribunorum,
440 2155 545 2222 ingenti
562 2155 687 2207 mercede
706 2153 831 2207 defenso-

13 2233 14 2238 ’
32 2247 80 2282 res
91 2229 210 2297 pararit.
251 2227 305 2280 Sed
320 2245 403 2296 quum
419 2229 586 2281 obstinatius
597 2231 690 2282 onmia
701 2230 831 2296 agivide·

13 2355 14 2362 ,
32 2311 87 2367 ret,
99 2310 129 2356 et
139 2303 299 2370 designatos
310 2304 393 2355 etiam
405 2297 532 2356 consules
543 2321 558 2356 e
568 2310 646 2372 parte
657 2305 778 2370 diversa,
790 2321 831 2358 se-

13 2423 16 2446 ,
30 2384 134 2430 natum
144 2376 233 2428 literis
245 2377 406 2445 deprecatus
416 2385 470 2442 est,
489 2394 524 2430 nc
538 2379 594 2430 sibi
606 2379 767 2431 beneficium
781 2394 831 2446 po·

31 2469 59 2520 pr
73 2452 98 2503 li
118 2451 298 2515 adimeretur,
319 2457 368 2504 aut
380 2458 413 2504 ut
430 2453 515 2506 ceteri
528 2469 637 2521 quoque
650 2455 831 2521 imperatores

30 2544 38 2578 s
98 2526 252 2578 xercitibus
263 2526 446 2580 discederent:
467 2528 595 2592 confisus,
606 2534 638 2578 ut
647 2533 752 2595 putant,
763 2526 833 2577 iaci-

24 2469 146 2717 βψ,
166 2600 332 2669 simulatque
345 2603 485 2666 libuisset,
506 2609 652 2654 veteranos
668 2605 831 2654 convocatu-

13 2688 114 2748 trum,
134 2689 217 2743 quarn
232 2673 394 2743 Pompeium
408 2691 496 2729 novos
509 2676 620 2728 milites.
660 2675 727 2725 Cum
738 2671 832 2722 adver·
