1986 2960
141 111 192 164 1⁷8
416 115 443 161 (l.
467 113 652 163 susrouu

142 232 333 302 semimarem
342 249 369 289 tc
378 233 537 304 ulfilicslir
547 235 579 289 de
589 232 718 288 Caesonia
731 249 792 312 rue,
812 251 859 288 cur
874 253 930 291 cem
976 251 977 254 ’

142 318 216 362 teuto
226 324 301 376 opere
312 307 441 377 diligeret.

196 381 323 434 XXXIV.
334 381 392 432 Nec
401 381 506 446 nrlnore
516 379 603 430 livore
614 395 646 431 ac
655 381 836 448 malignitate,
849 399 930 452 quam

141 457 270 524 superbia
280 455 462 521 meritiaqne,
472 467 559 519 paene
569 452 702 514 adversus
711 455 799 506 omnis
810 457 871 508 aevi
881 455 929 509 ho·

140 531 227 582 mines
236 534 377 596 grassatus
388 533 438 579 est.
477 526 589 578 Statuas
602 527 726 578 virumn}
734 528 882 580 illustrium
894 533 929 583 ab

139 604 262 670 Anguem
273 600 470 669 excapltolina
480 614 545 650 area
554 602 813 668 propteraugnstias
822 603 928 656 inMur-

139 677 208 728 tium
224 691 349 744 camum
363 673 493 737 collatas,
507 674 554 726 ita
568 674 701 726 subvertit
714 681 796 744 atque
812 675 928 742 disiecit,

139 756 171 801 nt
184 750 293 802 restitui
311 748 396 800 salvis
414 747 504 798 titulis
523 762 579 798 non
597 746 744 800 valuerint
781 747 929 820 vetantque

139 822 407 892 posthacviventium
417 821 544 888 uniquam
553 825 929 890 usquamstatuamautima·

140 898 243 965 ginem,
257 897 312 947 nisi
321 911 351 948 re
361 895 487 947 consulto
499 900 526 946 et
536 900 661 960 auctore,
676 896 752 963 poni.
791 895 930 964 cogitavit

68 1017 71 1028 .
141 971 223 1024 ffiam
243 971 277 1022 de
290 970 406 1021 Homeri
426 969 591 1020 carminibus
613 968 770 1032 abolendis;
795 985 843 1022 cur
862 971 930 1022 enim

102 1095 106 1104 ,
141 1044 192 1097 ribi
200 1061 251 1096 non
261 1041 350 1107 licere,
366 1041 472 1107 dlcens,
483 1043 553 1109 quod
561 1041 804 1105 Platooilicuirtet,
816 1043 863 1109 qni
872 1061 931 1096 earn

142 1118 279 1182 scivitate,
291 1133 370 1186 qnam
379 1115 561 1178 constituebat,
572 1115 694 1168 eiecerit?
718 1115 772 1169 Sed
782 1123 810 1168 et
818 1115 932 1184 Virgilii

141 1192 314 1248 et'riuLivii
323 1193 426 1260 semota
435 1195 463 1243 et
470 1191 614 1258 imagines²
623 1189 746 1258 parsshrm
756 1187 854 1255 abfuit,
864 1193 933 1259 quin

140 1268 311 1320 exomnibus
321 1262 496 1320 bibliothecis
511 1265 656 1318 amoverit:
677 1279 793 1333 quorum
804 1263 931 1331 alterum,

139 1346 171 1392 nt
183 1341 285 1392 nullium
303 1340 408 1408 ingenii
425 1339 607 1408 miubnaeque
625 1337 779 1401 doctrinae3
803 1337 931 1404 alterum,

139 1419 171 1466 ut
189 1414 335 1466 verbosum
353 1415 385 1466 in
401 1411 519 1464 historia
537 1411 771 1480 negligentemque
789 1413 929 1480 carpebat.

77 1487 78 1492 ’
139 1486 183 1539 De
201 1487 271 1538 iuris
290 1501 399 1554 quoque
419 1485 564 1550 consultis,
585 1486 665 1554 qnasi
684 1485 815 1538 scientiae
833 1499 932 1546 eurum

141 1575 248 1614 omnem
257 1575 337 1612 suum
348 1559 519 1622 aboliturus,
529 1573 610 1627 saepe
619 1559 748 1622 iactavit²
767 1573 793 1609 ee
803 1557 932 1612 mehercle

140 1631 349 1703 ffecmmmmm
359 1631 405 1699 qui
413 1632 566 1704 respendere
571 1631 675 1698 poesim
680 1640 788 1699 praeter
798 1648 864 1684 eum.

195 1706 312 1760 XXXV.
328 1707 432 1758 Vetera
442 1704 610 1759 familiarum
622 1706 741 1774 insignia
754 1706 932 1778 nobilissimo

140 1783 238 1853 cuique
249 1781 367 1833 adamita
383 1778 679 1846 Torquatotorqnem3
700 1781 862 1831 Cincinnato
878 1783 933 1832 cri·-

139 1873 213 1920 nem3
234 1857 283 1907 Cn.
297 1854 436 1922 Pompeio
446 1853 540 1929 stirpis
555 1854 697 1921 antiquae,
716 1853 813 1921 Magni
828 1869 934 1922 cognu-

139 1945 209 1983 meu.
247 1929 447 1992 Ptolemaeum,
468 1927 501 1978 de
513 1943 566 1996 quo
581 1927 677 1991 retuli,
697 1933 726 1979 et
740 1928 934 1982 accersitume

139 2019 225 2073 regno
235 2011 263 2056 et
272 2009 413 2070 exceptum
422 1999 647 2066 ,honorilicanon
656 2001 713 2052 alia
723 2017 807 2054 causa
817 2009 934 2068 repente

138 2083 287 2148 percussit,
306 2073 484 2146 quarequod,
504 2075 599 2126 edente
609 2090 638 2126 sc
648 2091 759 2139 munus,
775 2076 934 2142 ingressum

139 2147 304 2220 spectamsla,
316 2150 481 2202 convertisse
490 2146 630 2200 hominum
641 2149 737 2202 oculos
746 2147 932 2216 fulgor-epur-

139 2241 240 2293 pureae
251 2225 361 2276 abollae
372 2221 572 2274 anmradrertit.
610 2221 744 2274 Pulchrae
754 2229 782 2274 et
792 2227 932 2288 comatos,

140 2301 247 2366 quoties
258 2299 313 2350 sibi
323 2301 506 2360 occurerent,
528 2295 658 2364 occipitio
673 2312 737 2349 raso
753 2295 931 2364 dehumabat.

139 2373 208 2422 Erat
216 2372 298 2422 Euius
307 2370 445 2422 Proculus
451 2375 528 2436 patre
537 2369 716 2438 primipilari,
737 2369 777 2422 uh
788 2370 933 2437 egregiam

139 2444 267 2510 corporis
279 2444 483 2509 amplitudinem
498 2449 527 2494 et
538 2444 656 2511 speciem
668 2443 815 2495 Uolucrem
827 2441 931 2496 dicture.

137 2513 220 2568 Hunc
238 2516 401 2582 spectaculis
422 2516 573 2568 detracnnm
587 2522 709 2584 repente,
730 2523 758 2568 et
771 2517 799 2568 in
815 2517 933 2568 arenam
961 2570 966 2580 ,

138 2589 295 2654 deductum,
316 2585 418 2640 Thraci
433 2595 463 2640 et
473 2605 538 2642 rnux
548 2587 730 2657 hoplomacho
742 2590 932 2658 comparavit3
