<?xml version="1.0" encoding="UTF-8"?>
<!DOCTYPE html PUBLIC "-//W3C//DTD XHTML 1.0 Transitional//EN"
    "http://www.w3.org/TR/xhtml1/DTD/xhtml1-transitional.dtd">
<html xmlns="http://www.w3.org/1999/xhtml" xml:lang="en" lang="en">
 <head>
  <title>
</title>
<meta http-equiv="Content-Type" content="text/html;charset=utf-8" />
  <meta name='ocr-system' content='tesseract 3.04.00' />
  <meta name='ocr-capabilities' content='ocr_page ocr_carea ocr_par ocr_line ocrx_word'/>
</head>
<body>
  <div class='ocr_page' id='page_1' title='image "./csuetoniitranqu00weisgoog_0209.png"; bbox 0 0 1992 2962; ppageno 0'>
   <div class='ocr_carea' id='block_1_1' title="bbox 297 91 937 148">
    <p class='ocr_par' dir='ltr' id='par_1_1' title="bbox 297 91 937 148">
     <span class='ocr_line' id='line_1_1' title="bbox 297 91 937 148; baseline 0.014 -9"><span class='ocrx_word' id='word_1_1' title='bbox 297 91 496 148; x_wconf 73' lang='lat' dir='ltr'><strong>claumos·</strong></span> <span class='ocrx_word' id='word_1_2' title='bbox 532 93 609 143; x_wconf 80' lang='lat' dir='ltr'><strong>CAP·</strong></span> <span class='ocrx_word' id='word_1_3' title='bbox 630 96 654 141; x_wconf 91' lang='lat'><strong>1.</strong></span> <span class='ocrx_word' id='word_1_4' title='bbox 672 97 696 142; x_wconf 87' lang='lat'><strong>2.</strong></span> <span class='ocrx_word' id='word_1_5' title='bbox 844 93 894 148; x_wconf 81' lang='lat'><strong>195</strong></span> <span class='ocrx_word' id='word_1_6' title='bbox 933 132 937 140; x_wconf 86' lang='lat'>.</span> 
     </span>
    </p>
   </div>
   <div class='ocr_carea' id='block_1_2' title="bbox 20 214 951 725">
    <p class='ocr_par' dir='ltr' id='par_1_2' title="bbox 20 214 951 725">
     <span class='ocr_line' id='line_1_2' title="bbox 20 214 894 284; baseline 0.005 -17"><span class='ocrx_word' id='word_1_7' title='bbox 20 219 21 226; x_wconf 78' lang='grc'>’</span> <span class='ocrx_word' id='word_1_8' title='bbox 103 214 244 284; x_wconf 88' lang='lat' dir='ltr'><strong>peditioue</strong></span> <span class='ocrx_word' id='word_1_9' title='bbox 263 215 392 282; x_wconf 88' lang='lat' dir='ltr'><strong>repetita,</strong></span> <span class='ocrx_word' id='word_1_10' title='bbox 413 227 568 282; x_wconf 86' lang='lat' dir='ltr'><strong>supremum</strong></span> <span class='ocrx_word' id='word_1_11' title='bbox 582 216 654 268; x_wconf 88' lang='lat' dir='ltr'><strong>diem</strong></span> <span class='ocrx_word' id='word_1_12' title='bbox 668 217 765 270; x_wconf 77' lang='lat' dir='ltr'><strong>morbo</strong></span> <span class='ocrx_word' id='word_1_13' title='bbox 782 219 894 271; x_wconf 87' lang='lat' dir='ltr'><strong>obiitin</strong></span> 
     </span>
     <span class='ocr_line' id='line_1_3' title="bbox 104 288 892 357; baseline 0.003 -15"><span class='ocrx_word' id='word_1_14' title='bbox 104 288 217 342; x_wconf 82' lang='lat' dir='ltr'><strong>aestivis</strong></span> <span class='ocrx_word' id='word_1_15' title='bbox 228 288 337 353; x_wconf 72' lang='lat' dir='ltr'><strong>casula,</strong></span> <span class='ocrx_word' id='word_1_16' title='bbox 359 303 429 357; x_wconf 83' lang='lat' dir='ltr'><strong>quae</strong></span> <span class='ocrx_word' id='word_1_17' title='bbox 440 303 516 342; x_wconf 84' lang='lat' dir='ltr'><strong>exeo</strong></span> <span class='ocrx_word' id='word_1_18' title='bbox 527 295 591 340; x_wconf 89' lang='lat' dir='ltr'><strong>suut</strong></span> <span class='ocrx_word' id='word_1_19' title='bbox 600 289 739 357; x_wconf 87' lang='lat' dir='ltr'><strong>appellata</strong></span> <span class='ocrx_word' id='word_1_20' title='bbox 750 290 892 344; x_wconf 72' lang='lat' dir='ltr'><strong>Scelerata.</strong></span> 
     </span>
     <span class='ocr_line' id='line_1_4' title="bbox 105 363 893 433; baseline 0.006 -20"><span class='ocrx_word' id='word_1_21' title='bbox 105 363 212 430; x_wconf 82' lang='lat' dir='ltr'><strong>corpus</strong></span> <span class='ocrx_word' id='word_1_22' title='bbox 231 363 290 414; x_wconf 84' lang='lat' dir='ltr'><strong>eius</strong></span> <span class='ocrx_word' id='word_1_23' title='bbox 308 378 358 429; x_wconf 84' lang='lat' dir='ltr'><strong>per</strong></span> <span class='ocrx_word' id='word_1_24' title='bbox 370 363 581 428; x_wconf 83' lang='lat' dir='ltr'><strong>municipiorum</strong></span> <span class='ocrx_word' id='word_1_25' title='bbox 600 363 824 432; x_wconf 82' lang='lat' dir='ltr'><strong>coloniammque</strong></span> <span class='ocrx_word' id='word_1_26' title='bbox 839 367 893 433; x_wconf 84' lang='lat' dir='ltr'><strong>pri·</strong></span> 
     </span>
     <span class='ocr_line' id='line_1_5' title="bbox 103 436 913 506; baseline 0 -18"><span class='ocrx_word' id='word_1_27' title='bbox 103 451 206 506; x_wconf 81' lang='lat' dir='ltr'><strong>mores,</strong></span> <span class='ocrx_word' id='word_1_28' title='bbox 226 437 436 502; x_wconf 77' lang='lat' dir='ltr'><strong>suscipientibus</strong></span> <span class='ocrx_word' id='word_1_29' title='bbox 448 436 537 488; x_wconf 83' lang='lat' dir='ltr'><strong>obviis</strong></span> <span class='ocrx_word' id='word_1_30' title='bbox 547 437 697 488; x_wconf 86' lang='lat' dir='ltr'><strong>scribarum</strong></span> <span class='ocrx_word' id='word_1_31' title='bbox 709 437 840 498; x_wconf 87' lang='lat' dir='ltr'><strong>decuriis,</strong></span> <span class='ocrx_word' id='word_1_32' title='bbox 857 439 891 488; x_wconf 77' lang='lat' dir='ltr'><strong>acl</strong></span> <span class='ocrx_word' id='word_1_33' title='bbox 909 469 913 478; x_wconf 90' lang='lat'>·</span> 
     </span>
     <span class='ocr_line' id='line_1_6' title="bbox 102 509 891 578; baseline 0.003 -16"><span class='ocrx_word' id='word_1_34' title='bbox 102 511 203 562; x_wconf 85' lang='lat' dir='ltr'>Urbem</span> <span class='ocrx_word' id='word_1_35' title='bbox 213 509 366 573; x_wconf 69' lang='lat' dir='ltr'><strong>devectum,</strong></span> <span class='ocrx_word' id='word_1_36' title='bbox 381 509 569 578; x_wconf 80' lang='lat' dir='ltr'>sepultumque</span> <span class='ocrx_word' id='word_1_37' title='bbox 580 516 621 562; x_wconf 84' lang='lat' dir='ltr'><strong>est</strong></span> <span class='ocrx_word' id='word_1_38' title='bbox 630 510 772 562; x_wconf 72' lang='lat' dir='ltr'><strong>inillartio</strong></span> <span class='ocrx_word' id='word_1_39' title='bbox 784 525 891 578; x_wconf 76' lang='lat' dir='ltr'><strong>canrpo.</strong></span> 
     </span>
     <span class='ocr_line' id='line_1_7' title="bbox 104 581 951 646; baseline 0 -12"><span class='ocrx_word' id='word_1_40' title='bbox 104 584 228 636; x_wconf 78' lang='lat' dir='ltr'><strong>Ceterum</strong></span> <span class='ocrx_word' id='word_1_41' title='bbox 239 583 374 635; x_wconf 85' lang='lat' dir='ltr'><strong>exercitus</strong></span> <span class='ocrx_word' id='word_1_42' title='bbox 384 581 563 636; x_wconf 82' lang='lat' dir='ltr'><strong>honorarium</strong></span> <span class='ocrx_word' id='word_1_43' title='bbox 573 584 600 635; x_wconf 88' lang='lat' dir='ltr'><strong>ei</strong></span> <span class='ocrx_word' id='word_1_44' title='bbox 608 581 741 635; x_wconf 88' lang='lat' dir='ltr'><strong>tumulum</strong></span> <span class='ocrx_word' id='word_1_45' title='bbox 752 585 891 646; x_wconf 82' lang='lat' dir='ltr'><strong>excitavit,</strong></span> <span class='ocrx_word' id='word_1_46' title='bbox 947 619 951 626; x_wconf 24' lang='grc' dir='ltr'>κ</span> 
     </span>
     <span class='ocr_line' id='line_1_8' title="bbox 104 656 890 725; baseline 0 -15"><span class='ocrx_word' id='word_1_47' title='bbox 104 659 178 710; x_wconf 87' lang='lat' dir='ltr'><strong>circa</strong></span> <span class='ocrx_word' id='word_1_48' title='bbox 188 673 267 724; x_wconf 87' lang='lat' dir='ltr'><strong>quem</strong></span> <span class='ocrx_word' id='word_1_49' title='bbox 277 656 404 724; x_wconf 77' lang='lat' dir='ltr'><strong>deinceps</strong></span> <span class='ocrx_word' id='word_1_50' title='bbox 415 662 488 708; x_wconf 87' lang='lat' dir='ltr'><strong>stato</strong></span> <span class='ocrx_word' id='word_1_51' title='bbox 500 657 544 709; x_wconf 91' lang='lat' dir='ltr'><strong>die</strong></span> <span class='ocrx_word' id='word_1_52' title='bbox 555 659 701 725; x_wconf 74' lang='lat' dir='ltr'><strong>quotannis</strong></span> <span class='ocrx_word' id='word_1_53' title='bbox 712 657 890 710; x_wconf 79' lang='lat' dir='ltr'><strong>urilesdecur·</strong></span> 
     </span>
    </p>
   </div>
   <div class='ocr_carea' id='block_1_3' title="bbox 20 729 922 950">
    <p class='ocr_par' dir='ltr' id='par_1_3' title="bbox 20 729 922 950">
     <span class='ocr_line' id='line_1_9' title="bbox 20 729 889 800; baseline -0.001 -16"><span class='ocrx_word' id='word_1_54' title='bbox 20 751 21 796; x_wconf 82' lang='lat' dir='ltr'>j</span> <span class='ocrx_word' id='word_1_55' title='bbox 103 737 187 794; x_wconf 82' lang='lat' dir='ltr'><strong>reret,</strong></span> <span class='ocrx_word' id='word_1_56' title='bbox 208 729 415 797; x_wconf 80' lang='lat' dir='ltr'><strong>Galliarumque</strong></span> <span class='ocrx_word' id='word_1_57' title='bbox 429 731 558 783; x_wconf 79' lang='lat' dir='ltr'><strong>civitates</strong></span> <span class='ocrx_word' id='word_1_58' title='bbox 567 731 676 800; x_wconf 90' lang='lat' dir='ltr'><strong>publice</strong></span> <span class='ocrx_word' id='word_1_59' title='bbox 696 731 889 798; x_wconf 78' lang='lat' dir='ltr'><strong>supplicarent.</strong></span> 
     </span>
     <span class='ocr_line' id='line_1_10' title="bbox 20 799 891 872; baseline 0.001 -17"><span class='ocrx_word' id='word_1_60' title='bbox 20 799 21 830; x_wconf 60' lang='lat'>³</span> <span class='ocrx_word' id='word_1_61' title='bbox 103 804 249 857; x_wconf 82' lang='lat' dir='ltr'><strong>Praeterea</strong></span> <span class='ocrx_word' id='word_1_62' title='bbox 263 810 373 856; x_wconf 85' lang='lat' dir='ltr'><strong>senatus</strong></span> <span class='ocrx_word' id='word_1_63' title='bbox 386 805 458 856; x_wconf 86' lang='lat' dir='ltr'><strong>inter</strong></span> <span class='ocrx_word' id='word_1_64' title='bbox 472 805 530 856; x_wconf 81' lang='lat' dir='ltr'><strong>alia</strong></span> <span class='ocrx_word' id='word_1_65' title='bbox 548 805 689 872; x_wconf 81' lang='lat' dir='ltr'><strong>complure</strong></span> <span class='ocrx_word' id='word_1_66' title='bbox 708 820 891 857; x_wconf 84' lang='lat' dir='ltr'><strong>marmoreum</strong></span> 
     </span>
     <span class='ocr_line' id='line_1_11' title="bbox 20 873 922 950; baseline 0 -20"><span class='ocrx_word' id='word_1_67' title='bbox 20 913 21 950; x_wconf 41' lang='lat' dir='ltr'><strong>r</strong></span> <span class='ocrx_word' id='word_1_68' title='bbox 104 893 198 932; x_wconf 87' lang='lat' dir='ltr'><strong>arcum</strong></span> <span class='ocrx_word' id='word_1_69' title='bbox 209 893 269 930; x_wconf 75' lang='lat' dir='ltr'><strong>erim</strong></span> <span class='ocrx_word' id='word_1_70' title='bbox 278 878 401 946; x_wconf 89' lang='lat' dir='ltr'><strong>tropaeis</strong></span> <span class='ocrx_word' id='word_1_71' title='bbox 410 879 456 929; x_wconf 84' lang='lat' dir='ltr'><strong>via</strong></span> <span class='ocrx_word' id='word_1_72' title='bbox 466 879 555 946; x_wconf 67' lang='lat' dir='ltr'><strong>lippia</strong></span> <span class='ocrx_word' id='word_1_73' title='bbox 565 873 692 942; x_wconf 77' lang='lat' dir='ltr'><strong>decrevit,</strong></span> <span class='ocrx_word' id='word_1_74' title='bbox 703 877 922 931; x_wconf 58' lang='lat' dir='ltr'><strong>etGermauici=</strong></span> 
     </span>
    </p>
   </div>
   <div class='ocr_carea' id='block_1_4' title="bbox 35 953 893 1168">
    <p class='ocr_par' dir='ltr' id='par_1_4' title="bbox 35 953 893 1168">
     <span class='ocr_line' id='line_1_12' title="bbox 104 953 893 1021; baseline 0.001 -17"><span class='ocrx_word' id='word_1_75' title='bbox 104 966 254 1020; x_wconf 80' lang='lat' dir='ltr'><strong>cognomen</strong></span> <span class='ocrx_word' id='word_1_76' title='bbox 264 953 319 1020; x_wconf 87' lang='lat' dir='ltr'><strong>ipsi</strong></span> <span class='ocrx_word' id='word_1_77' title='bbox 326 953 500 1021; x_wconf 83' lang='lat' dir='ltr'><strong>posterisque</strong></span> <span class='ocrx_word' id='word_1_78' title='bbox 514 953 582 1004; x_wconf 73' lang='lat' dir='ltr'><strong>eius</strong></span> <span class='ocrx_word' id='word_1_79' title='bbox 619 953 716 1004; x_wconf 77' lang='lat' dir='ltr'><strong>Fuisse</strong></span> <span class='ocrx_word' id='word_1_80' title='bbox 730 959 820 1004; x_wconf 85' lang='lat' dir='ltr'><strong>autem</strong></span> <span class='ocrx_word' id='word_1_81' title='bbox 836 968 893 1006; x_wconf 87' lang='lat' dir='ltr'><strong>cre·</strong></span> 
     </span>
     <span class='ocr_line' id='line_1_13' title="bbox 104 1025 892 1093; baseline -0.001 -14"><span class='ocrx_word' id='word_1_82' title='bbox 104 1025 178 1079; x_wconf 76' lang='lat' dir='ltr'><strong>ditm</strong></span> <span class='ocrx_word' id='word_1_83' title='bbox 186 1040 242 1078; x_wconf 85' lang='lat' dir='ltr'><strong>non</strong></span> <span class='ocrx_word' id='word_1_84' title='bbox 251 1027 341 1080; x_wconf 78' lang='lat' dir='ltr'><strong>mium</strong></span> <span class='ocrx_word' id='word_1_85' title='bbox 350 1026 481 1093; x_wconf 79' lang='lat' dir='ltr'><strong>gloriosi,</strong></span> <span class='ocrx_word' id='word_1_86' title='bbox 497 1041 579 1093; x_wconf 87' lang='lat' dir='ltr'><strong>quam</strong></span> <span class='ocrx_word' id='word_1_87' title='bbox 590 1026 678 1079; x_wconf 83' lang='lat' dir='ltr'><strong>civilis</strong></span> <span class='ocrx_word' id='word_1_88' title='bbox 689 1026 782 1078; x_wconf 89' lang='lat' dir='ltr'><strong>animi.</strong></span> <span class='ocrx_word' id='word_1_89' title='bbox 820 1026 845 1078; x_wconf 94' lang='lat' dir='ltr'>N</span> <span class='ocrx_word' id='word_1_90' title='bbox 848 1029 892 1078; x_wconf 81' lang='lat' dir='ltr'><strong>am</strong></span> 
     </span>
     <span class='ocr_line' id='line_1_14' title="bbox 35 1098 891 1168; baseline -0.002 -14"><span class='ocrx_word' id='word_1_91' title='bbox 35 1124 39 1134; x_wconf 70' lang='lat'><strong><em>¹</em></strong></span> <span class='ocrx_word' id='word_1_92' title='bbox 102 1113 138 1154; x_wconf 82' lang='lat' dir='ltr'><strong>ex</strong></span> <span class='ocrx_word' id='word_1_93' title='bbox 156 1098 235 1152; x_wconf 83' lang='lat' dir='ltr'><strong>hoste</strong></span> <span class='ocrx_word' id='word_1_94' title='bbox 254 1115 341 1167; x_wconf 86' lang='lat' dir='ltr'><strong>super</strong></span> <span class='ocrx_word' id='word_1_95' title='bbox 354 1101 485 1152; x_wconf 73' lang='lat' dir='ltr'><strong>rimorias</strong></span> <span class='ocrx_word' id='word_1_96' title='bbox 506 1101 599 1168; x_wconf 84' lang='lat' dir='ltr'><strong>opima</strong></span> <span class='ocrx_word' id='word_1_97' title='bbox 619 1115 728 1168; x_wconf 89' lang='lat' dir='ltr'><strong>quoque</strong></span> <span class='ocrx_word' id='word_1_98' title='bbox 742 1099 833 1167; x_wconf 85' lang='lat' dir='ltr'><strong>spolia</strong></span> <span class='ocrx_word' id='word_1_99' title='bbox 848 1115 891 1152; x_wconf 90' lang='lat' dir='ltr'><strong>ca-</strong></span> 
     </span>
    </p>
   </div>
   <div class='ocr_carea' id='block_1_5' title="bbox 20 1173 890 1314">
    <p class='ocr_par' dir='ltr' id='par_1_5' title="bbox 20 1173 890 1314">
     <span class='ocr_line' id='line_1_15' title="bbox 20 1173 890 1246; baseline -0.007 -16"><span class='ocrx_word' id='word_1_100' title='bbox 20 1187 21 1242; x_wconf 76' lang='lat'><em>]</em></span> <span class='ocrx_word' id='word_1_101' title='bbox 102 1179 207 1246; x_wconf 80' lang='lat' dir='ltr'><strong>ptasse,</strong></span> <span class='ocrx_word' id='word_1_102' title='bbox 228 1188 388 1240; x_wconf 74' lang='lat' dir='ltr'><strong>nummoque</strong></span> <span class='ocrx_word' id='word_1_103' title='bbox 398 1174 507 1241; x_wconf 86' lang='lat' dir='ltr'><strong>saepius</strong></span> <span class='ocrx_word' id='word_1_104' title='bbox 518 1173 675 1226; x_wconf 85' lang='lat' dir='ltr'><strong>discriruine</strong></span> <span class='ocrx_word' id='word_1_105' title='bbox 685 1173 767 1225; x_wconf 87' lang='lat' dir='ltr'><strong>duces</strong></span> <span class='ocrx_word' id='word_1_106' title='bbox 779 1173 890 1225; x_wconf 81' lang='lat' dir='ltr'><strong>Germa-</strong></span> 
     </span>
     <span class='ocr_line' id='line_1_16' title="bbox 20 1247 889 1314; baseline -0.003 -12"><span class='ocrx_word' id='word_1_107' title='bbox 20 1261 21 1314; x_wconf 64' lang='lat'>}</span> <span class='ocrx_word' id='word_1_108' title='bbox 101 1262 199 1300; x_wconf 90' lang='lat' dir='ltr'><strong>norum</strong></span> <span class='ocrx_word' id='word_1_109' title='bbox 217 1253 279 1300; x_wconf 84' lang='lat' dir='ltr'><strong>tota</strong></span> <span class='ocrx_word' id='word_1_110' title='bbox 298 1247 363 1298; x_wconf 83' lang='lat' dir='ltr'><strong>acie·</strong></span> <span class='ocrx_word' id='word_1_111' title='bbox 376 1247 537 1298; x_wconf 78' lang='lat' dir='ltr'><strong>iiuectatru:</strong></span> <span class='ocrx_word' id='word_1_112' title='bbox 566 1263 616 1298; x_wconf 92' lang='lat' dir='ltr'><strong>uec</strong></span> <span class='ocrx_word' id='word_1_113' title='bbox 635 1247 822 1299; x_wconf 70' lang='lat' dir='ltr'><strong>dissimulasse</strong></span> <span class='ocrx_word' id='word_1_114' title='bbox 840 1263 889 1300; x_wconf 88' lang='lat' dir='ltr'><strong>uu-</strong></span> 
     </span>
    </p>
   </div>
   <div class='ocr_carea' id='block_1_6' title="bbox 103 1320 889 1390">
    <p class='ocr_par' dir='ltr' id='par_1_6' title="bbox 103 1320 889 1390">
     <span class='ocr_line' id='line_1_17' title="bbox 103 1320 889 1390; baseline 0 -18"><span class='ocrx_word' id='word_1_115' title='bbox 103 1337 197 1389; x_wconf 86' lang='lat' dir='ltr'><strong>quam,</strong></span> <span class='ocrx_word' id='word_1_116' title='bbox 212 1321 356 1388; x_wconf 79' lang='lat' dir='ltr'><strong>pristinum</strong></span> <span class='ocrx_word' id='word_1_117' title='bbox 367 1335 396 1371; x_wconf 88' lang='lat' dir='ltr'><strong>se</strong></span> <span class='ocrx_word' id='word_1_118' title='bbox 406 1320 573 1387; x_wconf 86' lang='lat' dir='ltr'><strong>reipublicae</strong></span> <span class='ocrx_word' id='word_1_119' title='bbox 583 1326 697 1386; x_wconf 86' lang='lat' dir='ltr'><strong>statum,</strong></span> <span class='ocrx_word' id='word_1_120' title='bbox 714 1321 889 1390; x_wconf 68' lang='lat' dir='ltr'><strong>quandocum-</strong></span> 
     </span>
    </p>
   </div>
   <div class='ocr_carea' id='block_1_7' title="bbox 20 1394 889 1464">
    <p class='ocr_par' dir='ltr' id='par_1_7' title="bbox 20 1394 889 1464">
     <span class='ocr_line' id='line_1_18' title="bbox 20 1394 889 1464; baseline 0 -18"><span class='ocrx_word' id='word_1_121' title='bbox 20 1405 22 1456; x_wconf 62' lang='lat'><strong>,</strong></span> <span class='ocrx_word' id='word_1_122' title='bbox 104 1411 156 1464; x_wconf 90' lang='lat' dir='ltr'><strong>quo</strong></span> <span class='ocrx_word' id='word_1_123' title='bbox 165 1401 270 1463; x_wconf 85' lang='lat' dir='ltr'><strong>posset,</strong></span> <span class='ocrx_word' id='word_1_124' title='bbox 281 1394 479 1447; x_wconf 80' lang='lat' dir='ltr'><strong>restitutruum.</strong></span> <span class='ocrx_word' id='word_1_125' title='bbox 517 1394 595 1446; x_wconf 80' lang='lat' dir='ltr'><strong>Unde</strong></span> <span class='ocrx_word' id='word_1_126' title='bbox 605 1395 730 1446; x_wconf 81' lang='lat' dir='ltr'><strong>existimo</strong></span> <span class='ocrx_word' id='word_1_127' title='bbox 739 1396 889 1448; x_wconf 86' lang='lat' dir='ltr'><strong>nonnullos</strong></span> 
     </span>
    </p>
   </div>
   <div class='ocr_carea' id='block_1_8' title="bbox 48 1469 926 2712">
    <p class='ocr_par' dir='ltr' id='par_1_8' title="bbox 48 1469 926 2712">
     <span class='ocr_line' id='line_1_19' title="bbox 101 1469 889 1538; baseline 0 -18"><span class='ocrx_word' id='word_1_128' title='bbox 101 1469 210 1522; x_wconf 77' lang='lat' dir='ltr'><strong>tradem</strong></span> <span class='ocrx_word' id='word_1_129' title='bbox 220 1483 316 1534; x_wconf 85' lang='lat' dir='ltr'><strong>ausos,</strong></span> <span class='ocrx_word' id='word_1_130' title='bbox 331 1473 486 1538; x_wconf 85' lang='lat' dir='ltr'><strong>suspectum</strong></span> <span class='ocrx_word' id='word_1_131' title='bbox 495 1483 557 1520; x_wconf 86' lang='lat' dir='ltr'><strong>eum</strong></span> <span class='ocrx_word' id='word_1_132' title='bbox 566 1469 688 1536; x_wconf 75' lang='lat' dir='ltr'><strong>Augusto</strong></span> <span class='ocrx_word' id='word_1_133' title='bbox 693 1506 701 1532; x_wconf 95' lang='lat'><strong>,</strong></span> <span class='ocrx_word' id='word_1_134' title='bbox 720 1476 889 1522; x_wconf 85' lang='lat' dir='ltr'><strong>revocatum·</strong></span> 
     </span>
     <span class='ocr_line' id='line_1_20' title="bbox 103 1539 889 1612; baseline 0 -18"><span class='ocrx_word' id='word_1_135' title='bbox 103 1557 156 1612; x_wconf 90' lang='lat' dir='ltr'><strong>que</strong></span> <span class='ocrx_word' id='word_1_136' title='bbox 166 1557 199 1594; x_wconf 88' lang='lat' dir='ltr'><strong>ex</strong></span> <span class='ocrx_word' id='word_1_137' title='bbox 209 1543 364 1610; x_wconf 80' lang='lat' dir='ltr'><strong>provincia3</strong></span> <span class='ocrx_word' id='word_1_138' title='bbox 384 1548 420 1606; x_wconf 80' lang='lat' dir='ltr'><strong>et,</strong></span> <span class='ocrx_word' id='word_1_139' title='bbox 431 1543 497 1610; x_wconf 87' lang='lat' dir='ltr'><strong>quia</strong></span> <span class='ocrx_word' id='word_1_140' title='bbox 511 1549 695 1607; x_wconf 80' lang='lat' dir='ltr'><strong>cunctaretur,</strong></span> <span class='ocrx_word' id='word_1_141' title='bbox 709 1539 889 1610; x_wconf 78' lang='lat' dir='ltr'><strong>interceptum</strong></span> 
     </span>
     <span class='ocr_line' id='line_1_21' title="bbox 102 1616 926 1685; baseline -0.001 -17"><span class='ocrx_word' id='word_1_142' title='bbox 102 1631 215 1668; x_wconf 84' lang='lat' dir='ltr'><strong>veneno.</strong></span> <span class='ocrx_word' id='word_1_143' title='bbox 254 1616 337 1678; x_wconf 75' lang='lat' dir='ltr'><strong>Quod</strong></span> <span class='ocrx_word' id='word_1_144' title='bbox 347 1616 472 1684; x_wconf 83' lang='lat' dir='ltr'><strong>equidem</strong></span> <span class='ocrx_word' id='word_1_145' title='bbox 482 1617 627 1683; x_wconf 85' lang='lat' dir='ltr'><strong>magis‚ue</strong></span> <span class='ocrx_word' id='word_1_146' title='bbox 636 1619 888 1685; x_wconf 84' lang='lat' dir='ltr'><strong>praetermitterem,</strong></span> <span class='ocrx_word' id='word_1_147' title='bbox 923 1617 926 1622; x_wconf 77' lang='grc'><em>’</em></span> 
     </span>
     <span class='ocr_line' id='line_1_22' title="bbox 101 1691 889 1759; baseline -0.004 -16"><span class='ocrx_word' id='word_1_148' title='bbox 101 1691 192 1754; x_wconf 86' lang='lat' dir='ltr'><strong>retuli,</strong></span> <span class='ocrx_word' id='word_1_149' title='bbox 203 1705 285 1758; x_wconf 84' lang='lat' dir='ltr'><strong>quam</strong></span> <span class='ocrx_word' id='word_1_150' title='bbox 295 1691 361 1759; x_wconf 82' lang='lat' dir='ltr'><strong>quia</strong></span> <span class='ocrx_word' id='word_1_151' title='bbox 369 1707 462 1743; x_wconf 79' lang='lat' dir='ltr'><strong>verum</strong></span> <span class='ocrx_word' id='word_1_152' title='bbox 473 1697 522 1742; x_wconf 87' lang='lat' dir='ltr'><strong>eut</strong></span> <span class='ocrx_word' id='word_1_153' title='bbox 530 1691 677 1744; x_wconf 86' lang='lat' dir='ltr'><strong>verisimile</strong></span> <span class='ocrx_word' id='word_1_154' title='bbox 686 1697 790 1759; x_wconf 87' lang='lat' dir='ltr'><strong>putem;</strong></span> <span class='ocrx_word' id='word_1_155' title='bbox 807 1707 889 1759; x_wconf 89' lang='lat' dir='ltr'><strong>quum</strong></span> 
     </span>
     <span class='ocr_line' id='line_1_23' title="bbox 101 1763 889 1832; baseline 0.001 -17"><span class='ocrx_word' id='word_1_156' title='bbox 101 1764 242 1831; x_wconf 79' lang='lat' dir='ltr'><strong>Augustus</strong></span> <span class='ocrx_word' id='word_1_157' title='bbox 248 1771 391 1832; x_wconf 86' lang='lat' dir='ltr'><strong>tantopere</strong></span> <span class='ocrx_word' id='word_1_158' title='bbox 401 1771 429 1818; x_wconf 89' lang='lat' dir='ltr'><strong>et</strong></span> <span class='ocrx_word' id='word_1_159' title='bbox 438 1765 528 1817; x_wconf 86' lang='lat' dir='ltr'><strong>vivum</strong></span> <span class='ocrx_word' id='word_1_160' title='bbox 539 1765 677 1829; x_wconf 84' lang='lat' dir='ltr'><strong>dilexerit,</strong></span> <span class='ocrx_word' id='word_1_161' title='bbox 688 1770 720 1816; x_wconf 91' lang='lat' dir='ltr'><strong>ut</strong></span> <span class='ocrx_word' id='word_1_162' title='bbox 729 1763 889 1816; x_wconf 84' lang='lat' dir='ltr'><strong>coheredem</strong></span> 
     </span>
     <span class='ocr_line' id='line_1_24' title="bbox 102 1839 889 1908; baseline -0.003 -18"><span class='ocrx_word' id='word_1_163' title='bbox 102 1853 209 1905; x_wconf 86' lang='lat' dir='ltr'><strong>semper</strong></span> <span class='ocrx_word' id='word_1_164' title='bbox 218 1839 283 1890; x_wconf 85' lang='lat' dir='ltr'><strong>filiis</strong></span> <span class='ocrx_word' id='word_1_165' title='bbox 291 1839 526 1902; x_wconf 85' lang='lat' dir='ltr'><strong>instituerit,sicut</strong></span> <span class='ocrx_word' id='word_1_166' title='bbox 535 1839 818 1908; x_wconf 86' lang='lat' dir='ltr'><strong>quondaminsenatn</strong></span> <span class='ocrx_word' id='word_1_167' title='bbox 827 1854 889 1904; x_wconf 92' lang='lat' dir='ltr'><strong>pro-</strong></span> 
     </span>
     <span class='ocr_line' id='line_1_25' title="bbox 48 1911 889 1980; baseline -0.004 -16"><span class='ocrx_word' id='word_1_168' title='bbox 48 1966 50 1970; x_wconf 75' lang='grc'><strong>,</strong></span> <span class='ocrx_word' id='word_1_169' title='bbox 101 1911 191 1964; x_wconf 81' lang='lat' dir='ltr'><strong>fessus</strong></span> <span class='ocrx_word' id='word_1_170' title='bbox 201 1918 254 1976; x_wconf 82' lang='lat' dir='ltr'><strong>est,</strong></span> <span class='ocrx_word' id='word_1_171' title='bbox 269 1919 296 1964; x_wconf 91' lang='lat' dir='ltr'><strong>et</strong></span> <span class='ocrx_word' id='word_1_172' title='bbox 306 1913 462 1965; x_wconf 85' lang='lat' dir='ltr'><strong>defunctum</strong></span> <span class='ocrx_word' id='word_1_173' title='bbox 471 1914 513 1964; x_wconf 91' lang='lat' dir='ltr'><strong>ita</strong></span> <span class='ocrx_word' id='word_1_174' title='bbox 522 1929 576 1980; x_wconf 88' lang='lat' dir='ltr'><strong>pro·</strong></span> <span class='ocrx_word' id='word_1_175' title='bbox 584 1913 716 1964; x_wconf 85' lang='lat' dir='ltr'><strong>concione</strong></span> <span class='ocrx_word' id='word_1_176' title='bbox 726 1911 889 1976; x_wconf 78' lang='lat' dir='ltr'><strong>laudaverit,</strong></span> 
     </span>
     <span class='ocr_line' id='line_1_26' title="bbox 100 1984 888 2055; baseline -0.003 -17"><span class='ocrx_word' id='word_1_177' title='bbox 100 1992 132 2038; x_wconf 87' lang='lat' dir='ltr'><strong>ut</strong></span> <span class='ocrx_word' id='word_1_178' title='bbox 142 1986 209 2038; x_wconf 85' lang='lat' dir='ltr'><strong>deos</strong></span> <span class='ocrx_word' id='word_1_179' title='bbox 219 1993 346 2053; x_wconf 83' lang='lat' dir='ltr'><strong>precatus</strong></span> <span class='ocrx_word' id='word_1_180' title='bbox 356 1988 406 2051; x_wconf 84' lang='lat' dir='ltr'><strong>sit,</strong></span> <span class='ocrx_word' id='word_1_181' title='bbox 417 1985 512 2038; x_wconf 74' lang='lat' dir='ltr'><strong>similes</strong></span> <span class='ocrx_word' id='word_1_182' title='bbox 522 1986 548 2038; x_wconf 77' lang='lat' dir='ltr'><strong>ei</strong></span> <span class='ocrx_word' id='word_1_183' title='bbox 558 1987 681 2038; x_wconf 68' lang='lat' dir='ltr'><strong>Caesares</strong></span> <span class='ocrx_word' id='word_1_184' title='bbox 691 1984 888 2055; x_wconf 75' lang='lat' dir='ltr'><strong>mesfacereot,</strong></span> 
     </span>
     <span class='ocr_line' id='line_1_27' title="bbox 100 2058 889 2139; baseline -0.003 -27"><span class='ocrx_word' id='word_1_185' title='bbox 100 2058 200 2126; x_wconf 67' lang='lat' dir='ltr'><strong>siliceo</strong></span> <span class='ocrx_word' id='word_1_186' title='bbox 211 2067 265 2139; x_wconf 68' lang='grc' dir='ltr'><strong>ψη</strong></span> <span class='ocrx_word' id='word_1_187' title='bbox 275 2060 410 2113; x_wconf 74' lang='lat' dir='ltr'><strong>honestum</strong></span> <span class='ocrx_word' id='word_1_188' title='bbox 425 2062 577 2128; x_wconf 76' lang='lat' dir='ltr'><strong>quandoque</strong></span> <span class='ocrx_word' id='word_1_189' title='bbox 588 2059 686 2112; x_wconf 67' lang='lat' dir='ltr'><strong>emtum</strong></span> <span class='ocrx_word' id='word_1_190' title='bbox 696 2060 798 2120; x_wconf 78' lang='lat' dir='ltr'><strong>darent,</strong></span> <span class='ocrx_word' id='word_1_191' title='bbox 811 2073 889 2124; x_wconf 78' lang='lat' dir='ltr'><strong>quum</strong></span> 
     </span>
     <span class='ocr_line' id='line_1_28' title="bbox 99 2133 888 2202; baseline 0 -18"><span class='ocrx_word' id='word_1_192' title='bbox 99 2133 141 2184; x_wconf 75' lang='lat' dir='ltr'><strong>illi</strong></span> <span class='ocrx_word' id='word_1_193' title='bbox 149 2133 285 2186; x_wconf 75' lang='lat' dir='ltr'><strong>dedinent.</strong></span> <span class='ocrx_word' id='word_1_194' title='bbox 297 2134 354 2186; x_wconf 88' lang='lat' dir='ltr'><strong>Nec</strong></span> <span class='ocrx_word' id='word_1_195' title='bbox 365 2141 515 2200; x_wconf 81' lang='lat' dir='ltr'><strong>contentus,</strong></span> <span class='ocrx_word' id='word_1_196' title='bbox 522 2135 641 2202; x_wconf 75' lang='lat' dir='ltr'><strong>elogium</strong></span> <span class='ocrx_word' id='word_1_197' title='bbox 650 2133 756 2186; x_wconf 75' lang='lat' dir='ltr'><strong>mrnrulo</strong></span> <span class='ocrx_word' id='word_1_198' title='bbox 767 2133 888 2184; x_wconf 80' lang='lat' dir='ltr'><strong>eiusver-</strong></span> 
     </span>
     <span class='ocr_line' id='line_1_29' title="bbox 101 2207 889 2276; baseline -0.004 -18"><span class='ocrx_word' id='word_1_199' title='bbox 101 2207 177 2259; x_wconf 82' lang='lat' dir='ltr'><strong>sibus</strong></span> <span class='ocrx_word' id='word_1_200' title='bbox 188 2209 353 2276; x_wconf 77' lang='lat' dir='ltr'><strong>compositis</strong></span> <span class='ocrx_word' id='word_1_201' title='bbox 363 2223 380 2258; x_wconf 91' lang='lat' dir='ltr'><strong>a</strong></span> <span class='ocrx_word' id='word_1_202' title='bbox 393 2224 423 2260; x_wconf 87' lang='lat' dir='ltr'><strong>se</strong></span> <span class='ocrx_word' id='word_1_203' title='bbox 436 2209 631 2276; x_wconf 71' lang='lat' dir='ltr'><strong>exscudpsi&#39;sse,</strong></span> <span class='ocrx_word' id='word_1_204' title='bbox 651 2209 734 2260; x_wconf 88' lang='lat' dir='ltr'><strong>etlam</strong></span> <span class='ocrx_word' id='word_1_205' title='bbox 748 2207 821 2258; x_wconf 83' lang='lat' dir='ltr'><strong>vitae</strong></span> <span class='ocrx_word' id='word_1_206' title='bbox 836 2223 889 2257; x_wconf 79' lang='lat' dir='ltr'><strong>me.</strong></span> 
     </span>
     <span class='ocr_line' id='line_1_30' title="bbox 100 2281 889 2350; baseline -0.003 -18"><span class='ocrx_word' id='word_1_207' title='bbox 100 2282 218 2333; x_wconf 85' lang='lat' dir='ltr'><strong>moriam</strong></span> <span class='ocrx_word' id='word_1_208' title='bbox 228 2298 312 2349; x_wconf 83' lang='lat' dir='ltr'><strong>prosa</strong></span> <span class='ocrx_word' id='word_1_209' title='bbox 323 2283 448 2334; x_wconf 85' lang='lat' dir='ltr'><strong>oratione</strong></span> <span class='ocrx_word' id='word_1_210' title='bbox 459 2283 634 2350; x_wconf 80' lang='lat' dir='ltr'><strong>composuit.&#39;</strong></span> <span class='ocrx_word' id='word_1_211' title='bbox 660 2281 702 2332; x_wconf 76' lang='lat' dir='ltr'><strong>ldx</strong></span> <span class='ocrx_word' id='word_1_212' title='bbox 711 2282 830 2334; x_wconf 81' lang='lat' dir='ltr'><strong>Antonia</strong></span> <span class='ocrx_word' id='word_1_213' title='bbox 841 2281 889 2331; x_wconf 87' lang='lat' dir='ltr'><strong>mi·</strong></span> 
     </span>
     <span class='ocr_line' id='line_1_31' title="bbox 102 2355 891 2423; baseline -0.001 -17"><span class='ocrx_word' id='word_1_214' title='bbox 102 2369 175 2406; x_wconf 87' lang='lat' dir='ltr'><strong>nore-</strong></span> <span class='ocrx_word' id='word_1_215' title='bbox 191 2356 344 2423; x_wconf 82' lang='lat' dir='ltr'><strong>complures</strong></span> <span class='ocrx_word' id='word_1_216' title='bbox 363 2355 472 2422; x_wconf 68' lang='lat' dir='ltr'><strong>peridem</strong></span> <span class='ocrx_word' id='word_1_217' title='bbox 492 2356 594 2408; x_wconf 76' lang='lat' dir='ltr'><strong>lilicros</strong></span> <span class='ocrx_word' id='word_1_218' title='bbox 618 2355 694 2418; x_wconf 80' lang='lat' dir='ltr'><strong>tulit3</strong></span> <span class='ocrx_word' id='word_1_219' title='bbox 720 2363 817 2406; x_wconf 75' lang='lat' dir='ltr'><strong>verum</strong></span> <span class='ocrx_word' id='word_1_220' title='bbox 834 2363 891 2407; x_wconf 85' lang='lat' dir='ltr'><strong>tres</strong></span> 
     </span>
     <span class='ocr_line' id='line_1_32' title="bbox 102 2428 872 2498; baseline -0.008 -14"><span class='ocrx_word' id='word_1_221' title='bbox 102 2430 214 2484; x_wconf 72' lang='lat' dir='ltr'><strong>omuino</strong></span> <span class='ocrx_word' id='word_1_222' title='bbox 225 2431 345 2498; x_wconf 77' lang='lat' dir='ltr'><strong>reliquit,</strong></span> <span class='ocrx_word' id='word_1_223' title='bbox 357 2429 557 2492; x_wconf 73' lang='lat' dir='ltr'><strong>Germanicam,</strong></span> <span class='ocrx_word' id='word_1_224' title='bbox 567 2428 706 2493; x_wconf 85' lang='lat' dir='ltr'><strong>Li&#39;villam,</strong></span> <span class='ocrx_word' id='word_1_225' title='bbox 719 2429 872 2480; x_wconf 83' lang='lat' dir='ltr'><strong>Claudium.</strong></span> 
     </span>
     <span class='ocr_line' id='line_1_33' title="bbox 157 2501 892 2572; baseline -0.003 -18"><span class='ocrx_word' id='word_1_226' title='bbox 157 2503 191 2554; x_wconf 87' lang='lat' dir='ltr'><strong>ll.</strong></span> <span class='ocrx_word' id='word_1_227' title='bbox 213 2503 344 2555; x_wconf 76' lang='lat' dir='ltr'><strong>Claudius</strong></span> <span class='ocrx_word' id='word_1_228' title='bbox 357 2509 439 2572; x_wconf 84' lang='lat' dir='ltr'><strong>natus</strong></span> <span class='ocrx_word' id='word_1_229' title='bbox 454 2507 498 2554; x_wconf 85' lang='lat' dir='ltr'><strong>est</strong></span> <span class='ocrx_word' id='word_1_230' title='bbox 504 2503 563 2554; x_wconf 89' lang='lat' dir='ltr'><strong>lulo</strong></span> <span class='ocrx_word' id='word_1_231' title='bbox 574 2503 707 2565; x_wconf 73' lang='lat' dir='ltr'><strong>Antonio,</strong></span> <span class='ocrx_word' id='word_1_232' title='bbox 722 2502 810 2554; x_wconf 81' lang='lat' dir='ltr'><strong>Fabio</strong></span> <span class='ocrx_word' id='word_1_233' title='bbox 821 2501 892 2553; x_wconf 74' lang='lat' dir='ltr'><strong>Afri·</strong></span> 
     </span>
     <span class='ocr_line' id='line_1_34' title="bbox 100 2573 890 2644; baseline -0.001 -16"><span class='ocrx_word' id='word_1_234' title='bbox 100 2589 171 2630; x_wconf 80' lang='lat' dir='ltr'><strong>cauo</strong></span> <span class='ocrx_word' id='word_1_235' title='bbox 193 2577 364 2644; x_wconf 85' lang='lat' dir='ltr'><strong>consulibus,</strong></span> <span class='ocrx_word' id='word_1_236' title='bbox 386 2576 519 2629; x_wconf 84' lang='lat' dir='ltr'><strong>Kalendis</strong></span> <span class='ocrx_word' id='word_1_237' title='bbox 533 2575 676 2643; x_wconf 66' lang='lat' dir='ltr'><strong>Augustis,</strong></span> <span class='ocrx_word' id='word_1_238' title='bbox 696 2573 837 2642; x_wconf 82' lang='lat' dir='ltr'><strong>Lugduni,</strong></span> <span class='ocrx_word' id='word_1_239' title='bbox 857 2590 890 2627; x_wconf 90' lang='lat' dir='ltr'><strong>eo</strong></span> 
     </span>
     <span class='ocr_line' id='line_1_35' title="bbox 642 2667 691 2712; baseline -0.02 0"><span class='ocrx_word' id='word_1_240' title='bbox 642 2667 691 2712; x_wconf 73' lang='lat' dir='ltr'><strong>Na</strong></span> 
     </span>
    </p>
   </div>
   <div class='ocr_carea' id='block_1_9' title="bbox 0 0 1000 2962">
    <p class='ocr_par' dir='ltr' id='par_1_9' title="bbox 0 0 1000 2962">
     <span class='ocr_line' id='line_1_36' title="bbox 0 0 1000 2962; baseline 0 0"><span class='ocrx_word' id='word_1_241' title='bbox 0 0 1000 2962; x_wconf 95' lang='lat' dir='ltr'><strong> </strong></span> 
     </span>
    </p>
   </div>
  </div>
 </body>
</html>
