1964 2962
134 125 184 224 tsi
408 173 436 220 (l.
462 171 649 222 SUBTONH

134 293 276 360 membris,
289 293 464 348 vultuvelutl
472 294 594 348 nitentis.
631 293 838 364 Undeqnidam
846 299 928 350 urba·
973 325 974 360 q

133 383 233 422 norum
251 383 307 421 non
325 368 457 421 infacete:
480 368 614 436 siquidem
634 370 746 438 petenti,
766 375 798 421 nt
816 372 930 426 atinae
973 367 974 434 l

134 443 241 512 aliquid
252 442 367 509 dioeret,
378 441 489 506 Dicam
500 443 603 510 inquit,
620 457 699 510 qaum
709 451 825 495 aeonem
836 452 930 498 exobe-
973 463 974 482 .

133 533 196 571 rare
219 517 334 570 demtis.
382 515 547 570 valetudine
575 517 763 585 prosperrima
786 533 854 570 usus
879 527 930 586 est,

133 592 258 662 quamvis
270 590 443 643 adtuendam
455 605 515 642 earn
524 589 595 642 nihil
605 589 722 659 amplius
737 605 820 658 qnam
834 591 931 646 fantes
973 589 974 604 ¹

134 674 279 734 ceteraque
288 681 315 716 m
359 666 411 717 bra
426 665 536 716 sibimet
546 664 582 716 ad
591 666 773 716 numemm'in
783 669 931 734 spaeriste·

132 741 177 792 rio
198 739 356 804 defricare,
376 739 551 808 inediamque
569 740 651 791 unius
671 739 728 792 diei
741 741 931 810 persingulas

132 829 239 868 memes
248 814 443 881 interponeret.

188 921 265 976 xxi.
285 921 415 976 Ordinem
429 921 503 974 vitae
517 919 575 974 iere
588 918 661 973 buno
674 923 772 974 tenuit.
810 921 842 974 ln
855 925 931 990 prin-

133 997 228 1065 cipatu
236 996 371 1049 rnatumus
381 1011 487 1064 seraper
498 1011 531 1048 ao
541 995 575 1051 de
584 997 821 1064 noetevigilabats
831 997 932 1052 deinde

131 1071 261 1142 perlectis
271 1069 410 1138 epistolis,
422 1069 629 1136 officiorumque
641 1071 764 1122 omnium
773 1071 930 1139 breviariis,

132 1146 239 1198 amieos
249 1145 424 1198 admittebat:
444 1158 491 1209 ao,
506 1144 570 1195 dnm
580 1143 765 1209 temtabatur,
786 1151 815 1198 et
824 1146 930 1200 calcea·
973 1203 974 1208 ,

131 1219 250 1288 bat'ipse
259 1235 289 1271 se
304 1224 332 1271 et
346 1217 502 1271 amiciebat.
540 1217 610 1270 Post
623 1219 729 1284 decisa,
750 1235 932 1288 quaeeunque

132 1293 320 1358 obvenissent,
333 1293 460 1361 negotia,
480 1293 631 1361 gestationi
639 1298 667 1346 et
676 1291 740 1344 inde
751 1293 839 1360 quieti
848 1310 928 1347 vaea-

130 1367 189 1432 bat,
200 1367 351 1420 accubante
361 1367 457 1437 aliqua
466 1367 650 1436 pallaoarsun,
666 1382 734 1435 quas
743 1367 773 1418 in
783 1367 929 1422 destructae

130 1439 223 1494 lemn
240 1441 369 1494 Caenidis
383 1441 518 1508 plurimas
532 1441 726 1494 constituerat:
751 1457 769 1492 a
782 1450 889 1496 secreto
900 1445 929 1495 in

130 1515 272 1568 balineum
280 1515 486 1584 tricliniumque
499 1516 644 1568 nansibat.
683 1513 742 1568 Neo
754 1515 813 1568 ullo
823 1523 929 1586 tempo·

130 1603 162 1642 re
171 1588 284 1642 laoilior
294 1596 343 1641 aut
351 1590 540 1658 indulgentior
549 1589 681 1652 traditam
692 1604 780 1658 eaque
789 1599 931 1644 momenta

132 1663 278 1717 domestici
288 1663 324 1715 ad
333 1663 439 1733 aliquid
449 1663 930 1734 petendummagnopereoaptabaut.

187 1770 276 1824 xxii.
294 1769 332 1822 Et
350 1785 434 1839 super
453 1784 567 1823 coenam
587 1776 690 1836 antem¹
712 1777 740 1823 et
754 1787 839 1840 super
852 1773 931 1826 aleas

133 1861 195 1900 eum
211 1845 307 1898 amieis
321 1845 408 1896 multa
420 1845 486 1897 ioca
498 1845 679 1912 transigebat.
717 1845 786 1898 litut
799 1845 874 1899 enim
889 1849 931 1901 di-

45 1962 48 1967 ,
133 1921 260 1974 eaoitatis
270 1919 419 1987 plurimae,
435 1919 512 1972 etsie
522 1919 645 1972 scurrilis
657 1935 689 1972 ao
699 1920 887 1987 sordidae,ut
896 1937 932 1977 ne
973 1941 974 1978 i

132 1995 313 2066 praetextatis
334 1993 443 2062 quidem
464 1995 557 2048 verbis
580 1993 738 2046 abstineret.
776 1994 813 2046 Et
835 2001 932 2050 tamen

133 2071 267 2124 nonnullo
278 2070 337 2122 eius
346 2068 516 2122 facetissima
526 2073 647 2134 exstant,
661 2070 691 2120 in
702 2070 802 2137 quibus
812 2076 840 2122 et
849 2069 932 2124 baec.

132 2143 277 2197 Mestrium
294 2143 409 2197 Florum
434 2143 618 2208 consularem,
643 2143 800 2196 admonitus
825 2145 861 2197 ab
885 2161 932 2212 eo,
973 2163 974 2210 3

129 2221 252 2290 plaustra
268 2220 361 2286 potius
381 2233 463 2288 quam
477 2220 580 2286 plostra
600 2216 729 2283 dieeuda;
749 2218 795 2270 die
814 2225 931 2287 postero
973 2215 974 2220 '

133 2291 263 2345 Flauo-m
277 2293 417 2346 salutavit.
454 2292 634 2361 Expugnatus
653 2297 745 2344 antem
760 2307 778 2344 a
798 2294 931 2361 quadam,
973 2301 974 2344 l

135 2366 215 2430 qnasi
225 2381 320 2420 amore
330 2369 375 2434 sui
384 2367 532 2434 deperiret,
548 2381 630 2437 quum
640 2367 789 2432 perductae
799 2383 850 2436 pro
863 2383 930 2420 oon·

134 2438 229 2489 cubitu
248 2441 375 2492 sestertia
394 2440 577 2508 quadraginta
596 2439 749 2506 donasset‚-
764 2440 931 2495 admonente

133 2509 336 2578 dispensatore,
362 2513 591 2581 quemadmodum
615 2528 748 2566 surnmam
770 2515 931 2570 rationibus

132 2582 216 2634 vellet
225 2583 329 2646 inferri,
345 2583 512 2651 Vespasiano,
522 2587 623 2656 inquit,
634 2589 766 2641 adamata.

188 2659 289 2714 xxm.
307 2663 442 2720 Utebatur
455 2671 483 2719 et
493 2659 619 2722 verbibus
634 2667 748 2722 Graecis
765 2670 932 2742 tempestive
