1964 2970
153 92 186 143 ia
432 91 459 136 C.
484 89 665 138 SUETONll

153 219 216 282 pto,
230 213 260 264 iu
270 213 441 280 provinciam
457 213 538 274 abiit3
559 218 586 263 et
600 213 692 263 statim
705 218 837 280 quaestor
849 213 919 264 eius
936 211 957 266 ii

87 315 92 324 ·
152 287 354 356 praeiudicium
365 286 473 354 aliquot
483 287 643 337 criminibus
654 291 778 353 arreptus
790 293 841 338 est.
882 287 957 340 Mor

154 363 251 428 etipse
262 360 446 412 aL.Antistio
456 360 568 412 tribuno
579 360 668 428 plebis
677 360 844 427 postulatus,
857 363 957 428 appel«

153 436 212 488 lato
233 434 341 506 demum
365 435 482 502 collegio
508 434 640 498 obtinuit,
661 449 744 501 quum
763 435 957 501 reipublicae

154 523 239 562 causa
250 510 370 574 abesset,
391 525 454 560 reus
468 525 503 560 ne
518 509 604 560 tieret.
642 509 684 558 Ad
694 509 871 560 securitatem
883 525 957 577 ergo

45 599 52 610 ·
153 583 259 651 posteri
268 584 550 651 temporisinmagno
564 582 677 648 negotio
693 580 802 645 babuit,
823 583 957 650 obligare

96 701 106 712 .
154 673 261 724 semper
269 673 378 709 annuos
387 657 579 723 magistratus,
590 661 618 706 et
628 672 643 708 c
654 657 884 724 competitoribus
895 673 957 710 non

155 731 227 783 alios
239 731 371 782 adiuvare
380 737 429 782 aut
438 730 475 781 ad
484 729 617 782 honorem
627 730 687 798 pati
697 730 853 796 pertenue,
866 746 957 798 quam

155 806 204 873 qui
213 805 270 855 sibi
278 806 446 872 recepissent
455 810 680 873 propugnaturos
691 804 845 856 absentiam
856 821 957 856 suanis

155 879 233 931 cuius
243 879 319 946 pacti
331 894 388 931 non
398 878 563 931 dubitavita
577 878 742 946 quibusdam
756 879 957 932 iusiruandum

155 959 238 1020 atque
248 953 331 1004 etiam
342 951 527 1020 syngrapham
538 954 656 1020 exigere.

210 1025 311 1094 XXIV.
332 1026 386 1082 Sed
397 1043 480 1094 quum
490 1027 524 1078 L.
535 1027 689 1092 Domitius,
712 1027 874 1080 consulatus
887 1043 957 1080 can-

156 1099 281 1165 didatus,
296 1101 389 1168 palam
400 1102 564 1166 minaretur,
586 1102 726 1154 consulem
737 1117 767 1154 se
777 1101 958 1168 effectumm,

156 1175 232 1242 quod
246 1181 359 1242 praetor
373 1177 527 1242 nequisset,
546 1176 790 1244 adempturumque
805 1177 831 1228 ei
845 1179 957 1228 exerci-

155 1256 215 1311 tus3
236 1249 366 1302 Crassum
380 1249 609 1318 Pompeiumque,
630 1251 660 1302 in
678 1251 774 1302 urbem
788 1249 957 1318 provincias

156 1338 223 1376 suae
233 1321 338 1376 Lucam
349 1330 497 1390 extractos,
509 1325 650 1392 compulit,
661 1331 704 1391 ut,
717 1323 881 1376 detrudendi
893 1325 956 1378 Do·

155 1396 228 1448 mitii
242 1413 338 1464 causa,
359 1399 533 1452 consulatum
550 1399 666 1450 alterum
679 1399 816 1466 peterent;
837 1403 865 1450 et
878 1402 956 1452 utin

156 1471 372 1539 quinquennium
386 1475 442 1525 sibi
454 1474 599 1541 imperium
613 1479 824 1538 prorogaretur:
846 1470 953 1540 [perfe-

156 1546 247 1613 citque
257 1548 425 1616 utrubique]
467 1548 529 1608 Qua
539 1545 640 1595 fiducia
651 1545 687 1595 ad
698 1545 834 1612 legiones,
852 1561 926 1613 quas
938 1563 954 1597 a

155 1619 298 1687 republica
316 1627 472 1689 acceperat,
491 1620 562 1670 alias
578 1615 718 1685 [publico,
738 1618 823 1688 alias]
839 1621 953 1686 privato

155 1702 267 1762 sumptu
281 1696 402 1748 addidit:
430 1709 514 1744 unam
529 1692 613 1744 etiam
627 1706 662 1743 ex
677 1692 870 1760 Transalpinis
887 1711 952 1749 con·

141 1767 300 1837 'scriptam,
321 1767 457 1821 vocabulo
473 1781 583 1834 quoque
599 1763 724 1829 Galliam
753 1767 863 1820 Alauda
877 1771 953 1822 enim

156 1843 362 1911 appellabatur3
383 1856 465 1908 quam
476 1839 624 1906 disciplina
634 1840 762 1909 numque
772 1841 899 1897 Romano
912 1847 952 1896 in·

156 1919 283 1969 stimtam
294 1923 321 1968 et
331 1921 471 1980 ornatam,
492 1920 591 1982 postea
604 1915 761 1968 smiversam
777 1917 890 1970 civitate
902 1919 950 1971 do-

155 1991 242 2043 navit.
280 1990 339 2042 Nec
358 1989 456 2041 deinde
469 1989 528 2040 ulla
542 1988 610 2040 belli
624 1991 783 2056 occasione,
804 2007 838 2044 ue
853 1992 952 2045 iniusti

146 2061 950 2134 quidemacpericulosi‚abstiuuit,tamfoederatis,quam

155 2138 265 2190 infestis
286 2153 319 2190 ac
338 2136 405 2190 feris
424 2138 552 2204 gentibus
570 2139 645 2191 ultro
661 2141 813 2203 lacessitis3
839 2139 910 2193 adeo
921 2147 951 2192 ut

157 2218 269 2264 senatus
290 2212 429 2281 quondam
449 2212 557 2280 legatos
577 2213 614 2264 ad
633 2215 832 2282 explorandum
848 2221 950 2268 statum

158 2285 313 2340 Galliarum
324 2287 472 2338 mittendos
483 2287 647 2354 decreverit,
669 2304 702 2340 ac
715 2289 842 2342 nonnulli
852 2287 950 2342 deden·

157 2360 222 2413 dum
233 2377 295 2414 eum
310 2360 437 2414 hostibus
456 2363 620 2420 censuerint.
659 2362 714 2416 Sed
727 2377 859 2432 prospere
874 2364 950 2417 dece·

157 2435 285 2489 dentibus
298 2438 394 2501 rebus,
414 2442 442 2488 et
457 2437 568 2504 saepius
583 2442 612 2489 et
624 2437 757 2504 plurium,
780 2453 861 2505 quam
877 2441 948 2506 quis·

158 2523 241 2577 quam
251 2527 390 2580 uinquam,
402 2511 509 2564 dienim
519 2511 736 2577 supplicationes
745 2513 913 2578 impetravit.

212 2583 300 2640 XXV.
322 2585 415 2642 Gessit
426 2591 517 2638 autem
526 2587 730 2652 novenarius,
747 2587 846 2660 quibus
860 2586 889 2640 iu
899 2589 946 2642 im·
