1986 2960
282 101 649 160 ocrsvmnuswosr.
668 115 708 159 ue.
727 63 731 80 ¹
832 87 892 163 'nos

101 236 205 304 dinque
219 235 359 304 quaesinrs
372 236 484 287 tandem
496 235 526 285 in
541 233 676 285 altissima
689 237 760 286 turri
769 243 892 303 repertus

99 317 152 375 e'st,
162 312 256 361 iacens
267 305 363 361 contra
373 309 441 361 solis
452 313 592 361 exortum.-
611 308 700 369 Quum
710 309 827 376 primum
836 309 892 362 fari

99 385 252 450 coepisset,
264 384 294 434 i'n
309 385 383 434 evito
399 385 556 435 suburbano
568 383 755 448 obstrepentes
764 381 837 434 forte
846 399 891 434 ra-

96 473 151 510 nas
162 458 243 508 silere
251 457 345 519 inssit3
361 462 443 526 atquo
453 471 487 508 ex
496 469 529 508 eo
540 463 673 523 negantur
682 455 724 507 ibi
733 470 816 508 ranae
827 472 889 509 cos-

96 545 176 584 xare.
214 530 393 599 niquarum
406 525 525 598 lipidem
537 529 692 596 Campanae
705 531 781 594 uiae,
801 531 830 582 in
844 545 889 583 ne-

96 617 177 656 more
187 605 344 672 prandenti,
355 605 549 672 exinproviso
561 605 762 676 aquilapanem
772 605 798 656 ei
807 620 823 656 e
832 619 888 656 nta-

95 693 141 730 nn-
146 678 247 746 rapuit,
259 685 286 728 et
296 689 379 746 qnnm
390 679 523 730 altissime
533 677 681 742 evolasset,
692 693 786 729 rursus
796 692 829 730 ex
838 680 889 730 im-

85 751 212 820 -provlso
227 749 457 823 leniterdelapsa
475 753 603 804 reddidit.
643 753 677 814 Q.
694 752 806 804 Catulus
826 759 890 820 post

96 825 255 878 dedicatum
280 826 447 894 Capitolium
471 827 577 878 dnobus
601 827 738 878 continuis
761 828 889 878 noctibus

95 900 261 964 somniavit,
271 901 374 967 prima,
384 901 476 952 lovem
487 901 625 969 Optimum
635 901 800 964 Maximum,
810 915 888 968 prae-

93 974 211 1026 textatis
226 965 412 1042 compluribus
425 975 501 1026 circa
520 989 597 1025 aram
616 975 785 1038 ludentibus,
804 988 889 1025 unum

1 1053 2 1080 ³
96 1049 260 1111 secrevisse,
281 1053 363 1116 atque
377 1050 480 1100 ineius
494 1049 582 1100 sinum
594 1049 701 1114 signnm
710 1047 888 1114 reipublicae,

1 1115 3 1121 ’
95 1121 267 1191 qnodmann
276 1128 407 1190 gestaret,
421 1123 589 1190 reposuisse:
610 1128 640 1172 at
648 1122 815 1189 insequenti,
830 1123 888 1172 ani-

94 1195 276 1248 madvertisse
295 1211 325 1247 se
343 1197 373 1246 in
392 1196 668 1262 gremio‘Capitolini
681 1195 754 1246 lovis
774 1196 888 1246 eundem

93 1284 224 1338 pnernm3
249 1283 329 1338 quem
343 1279 426 1338 quum
440 1267 548 1320 detrahi
560 1269 698 1342 irnsisset,
719 1267 888 1336 prohibitum

93 1343 204 1396 monito
213 1343 271 1408 dei,
289 1350 421 1412 tanquam
435 1343 465 1393 is
473 1343 509 1393 ad
522 1343 636 1394 tutelam
646 1343 813 1408 reipublicae
823 1343 887 1394 edu·

94 1423 215 1470 caretur.
253 1419 293 1468 Ao
312 1417 357 1486 die
375 1417 634 1485 proximonbviunr
652 1417 709 1467 sibi
727 1417 887 1484 Angustum,

94 1505 181 1560 quum
190 1492 360 1560 incognitum
371 1492 442 1543 snas
451 1489 633 1554 haberetnon
643 1491 701 1542 sine
706 1490 888 1544 admiratione

94 1566 236 1618 contuitus
246 1565 415 1616 simillimum
426 1565 497 1618 dix'n
504 1565 642 1634 puero,de
649 1579 703 1632 qno
714 1567 888 1620 somniasset.

96 1639 219 1702 Quidam
228 1640 305 1708 prins
316 1641 451 1692 somnium
457 1637 549 1691 Condi
557 1640 640 1692 aliter
649 1647 796 1708 exponunt,
808 1642 889 1707 quasi

2 1754 6 1765 .
93 1715 212 1780 iupiter,
233 1715 419 1783 compluribus
433 1715 612 1782 praetextatis
625 1719 744 1780 tutorem
763 1729 780 1765 a
795 1731 824 1766 se
839 1731 887 1782 po·

34 1789 36 1795 ’
95 1788 693 1853 scentibns,nnumexeisdemonstrassstad
705 1803 783 1856 quern
794 1789 889 1840 omnia
919 1805 922 1810 ·

30 1917 32 1924 Α
95 1859 235 1913 desideria
244 1879 295 1915 sna
308 1862 453 1928 referrent,
474 1863 586 1946 eipsqne
597 1860 724 1914 'osculnm
739 1862 888 1913 delibatum

95 1933 239 2007 digitlsad
249 1953 370 1990 ossuum
383 1937 531 1993 retulisset.
568 1937 608 1988 M.
621 1937 730 2000 Cicero,
747 1936 778 1986 C.
789 1936 888 1988 Caesa·

94 2025 154 2062 rem
173 2011 203 2062 ln
218 2011 386 2080 Capitolium
406 2017 579 2080 prosecutus,
600 2011 736 2082 somnium
755 2010 889 2078 pristinae

94 2085 187 2138 noctis
200 2079 386 2137 familiarib'ns
399 2084 472 2138 torte
486 2085 632 2137 narrabat}
650 2097 764 2152 pnenrm
774 2081 846 2134 lacis
856 2085 889 2136 li-

95 2159 356 2224 berali,demissum
368 2161 448 2213 coelo
458 2165 555 2212 catena
565 2171 662 2222 antea,
677 2155 797 2209 adfores
808 2159 888 2226 Capi·

94 2234 160 2286 tulii
175 2235 344 2299 constitisse,
365 2235 445 2302 elque
458 2234 551 2286 lovem
569 2232 708 2299 flagellum
725 2232 888 2295 tradidisses

95 2308 208 2373 deinde,
228 2314 339 2377 repente
347 2308 470 2378 Angusto
485 2309 560 2371 viso,
571 2307 789 2373 qnemignotnm
799 2306 889 2360 adhuc

93 2383 235 2452 plerisque
246 2383 509 2452 avnnonlnsCaesar
519 2381 554 2432 ad
564 2381 773 2433 sacrificandum
785 2383 889 2434 accius·

93 2463 151 2522 rat,
173 2458 333 2521 affirmavit,
352 2459 443 2526 ipsum
453 2471 525 2521 esse,
546 2456 624 2508 cuins
636 2455 729 2522 imago
740 2455 888 2508 secundnm

1 2553 2 2584 l
96 2533 218 2601 quietem
232 2533 287 2582 sibi
302 2532 448 2584 obversata
461 2531 506 2582 sit.
545 2529 669 2581 Sumenti
678 2530 785 2582 virilem
794 2535 889 2596 togam

94 2607 191 2660 tunica
200 2605 253 2658 lati
263 2605 335 2658 clavi
340 2643 348 2671 ,
368 2611 463 2658 resuta
475 2617 509 2657 ex
522 2609 639 2674 utraque
648 2611 740 2673 parte,
760 2603 796 2656 ad
805 2602 888 2672 pedes
