1964 2970
111 81 144 132 to
248 133 291 145 ,,
333 75 336 80 “
388 80 627 130 osourourr
721 121 724 126 .

110 205 197 268 iectu,
218 203 488 274 iegituntepopulo,
509 204 545 256 ob
555 196 719 256 interclusos
734 207 905 256 nommetur

110 277 264 347 famemque
277 279 524 345 ingravescentem
543 277 643 341 donec,
663 277 824 328 novibusex
833 277 904 328 inte·

109 368 160 421 gro
174 351 319 404 fabricetis
337 367 371 404 ac
389 350 488 418 uiginti
507 365 646 402 servorum
666 350 789 401 millibus
807 359 903 402 munu-

110 427 201 480 missis
211 433 240 479 et
249 425 284 478 ed
294 441 396 480 remum
408 425 489 488 dotis,
500 416 610 492 perium
619 424 717 476 lulirrm
729 423 902 492 apnstius,

109 501 233 553 inmisso
243 501 274 552 iu
283 499 432 552 Lucrinum
443 505 470 552 et
479 499 614 550 Avernum
627 498 717 550 laeum
731 499 815 562 muri,
836 495 901 550 elie·

110 576 157 626 cit.
195 575 228 626 ln
247 589 302 644 quo
322 589 406 642 quum
425 571 514 626 hieme
532 575 594 624 toto
614 573 710 642 copias
724 572 901 636 exermsisset,

109 648 271 717 Pompeium
281 648 353 716 inter
362 647 455 715 Mylas
465 653 493 698 et
502 645 676 698 Naulochum
685 646 837 715 superavit,
849 646 901 698 sub

19 774 27 784 ,
110 721 207 775 horum
217 737 325 790 pugnae
334 727 392 772 mm
403 726 464 772 orto
474 726 585 789 repente
595 735 692 772 somno
703 720 858 783 devinctus,
869 726 903 772 ut

97 797 146 848 ud
166 796 285 847 dandum
305 795 413 862 signum
433 794 468 847 ab
489 795 586 846 amicis
610 796 785 846 excitaretur.
822 794 903 846 Unde

109 870 263 940 praebitam
272 865 392 921 Antonio
401 868 545 938 materiam
557 874 648 938 putem
659 867 857 936 exprobrandi,
869 884 904 920 ne

109 942 189 996 rectis
204 942 307 1009 quidun
320 943 401 996 ontis
415 959 473 995 eum
484 942 602 1010 'aspicere
612 942 729 1010 potuisse
743 942 903 994 instructum

70 1069 77 1078 ,
110 1017 207 1080 urim,
226 1033 315 1069 oerum
327 1017 460 1084 sapiuntu,
482 1018 580 1069 coelum
592 1017 748 1080 intuentem,
770 1015 903 1084 stupidum

110 1090 241 1154 cubuisse,
261 1108 309 1147 nec
318 1091 395 1159 prius
409 1090 552 1143 surrexisse
565 1107 598 1144 nc
611 1091 736 1144 militibus
748 1090 777 1142 in
796 1105 902 1156 conspe·
979 1104 980 1108 ¹

110 1175 181 1220 ctum
194 1165 305 1230 tenure,
328 1182 406 1233 quum
421 1163 488 1219 uM.
499 1164 621 1235 Agrippa
628 1163 747 1236 flegeton
761 1164 815 1216 sint
824 1179 903 1216 naves

110 1239 232 1292 hostium.
270 1241 327 1292 Alli
346 1241 448 1292 dictum
468 1238 625 1309 factumque
640 1241 699 1291 eius
713 1239 902 1304 criminantur,

111 1314 200 1383 quesi-
215 1313 349 1370 elassibus
372 1321 533 1383 tempestate
560 1313 675 1383 perditis
698 1312 903 1377 exclamaverit,

110 1387 191 1439 ctiam
204 1387 286 1440 inuito
297 1385 418 1456 Neptuno
432 1388 570 1442 uictos-inm
583 1404 611 1440 sc
624 1388 791 1455 namnetum,
812 1401 846 1438 ac
856 1386 903 1440 (lie

112 1462 281 1513 Circensium
298 1463 426 1530 proximo
446 1463 573 1515 sollemni
593 1477 709 1530 pompae
725 1460 903 1518 simulacrum

110 1536 157 1587 dei
166 1534 324 1588 detraxerit.
352 1536 410 1588 Nec
418 1543 520 1588 temere
530 1536 610 1605 pluro
620 1545 653 1587 oe
662 1536 770 1587 maiore
779 1535 905 1606 pericula

109 1609 168 1662 ullo
180 1608 236 1660 ulio
246 1609 320 1661 bello
332 1610 411 1661 odiit.
448 1611 578 1662 Treiecto
592 1609 756 1662 insititiam
771 1610 903 1674 exercitu,

111 1697 195 1752 quum
209 1688 315 1752 purtem
326 1683 463 1752 reliqupm
478 1685 618 1752 copiarum
635 1684 787 1736 continenti
799 1690 904 1752 repete-

110 1763 164 1822 ret,
180 1772 327 1825 oppressns
337 1773 371 1808 ex
380 1758 531 1826 improviso
544 1755 742 1810 eDemochere
753 1764 780 1810 et
789 1753 904 1826 Apollo·

109 1830 213 1900 phane,
232 1830 380 1900 praefectis
390 1831 528 1902 Pompeii,
548 1849 604 1886 uuo
615 1834 724 1884 demum
734 1833 845 1900 navigio
858 1847 904 1884 ae·

110 1907 227 1974 gerrime
238 1905 350 1980 effugit„
381 1907 492 1973 lterum,
502 1925 585 1978 quum
596 1913 704 1976 praeter
714 1906 822 1959 Locros
832 1904 903 1960 Rhe·

110 1981 186 2048 glum
195 1981 311 2049 petlibus
320 1981 386 2046 iret,
397 1988 426 2034 et
434 1983 588 2053 prospectis
597 1983 748 2035 biremibus
758 1981 904 2050 Pompeim

109 2054 154 2104 nis
167 2061 269 2107 terram
282 2055 448 2123 legentibus,
468 2072 533 2109 sues
551 2065 641 2122 reuss,
662 2057 847 2108 descendisset
866 2055 905 2106 ed

110 2127 189 2193 litore,
209 2145 296 2197 paene
315 2137 443 2200 exceptus
464 2137 514 2202 est.
553 2132 632 2184 Time
645 2132 729 2182 etiem
743 2147 792 2199 per
807 2129 915 2184 devios.

109 2203 234 2274 tramites
247 2203 425 2272 refugientem
439 2210 533 2258 sertus
547 2206 658 2260 Aemilii
667 2205 771 2270 Poulli,
793 2204 905 2256 comitis
945 2209 947 2214 '

111 2276 182 2340 eius,
204 2273 299 2329 dolens
317 2278 501 2348 proscriptum
520 2279 586 2331 olim
602 2281 684 2332 abeo
699 2277 904 2347 putreml'eul·

97 2348 180 2424 ¹lusu,
201 2355 228 2402 et
242 2352 323 2419 quusi
337 2355 482 2406 oocesione
495 2353 610 2406 ultionis
622 2354 729 2418 obluta,
749 2352 904 2406 interlicere

111 2429 226 2476 conatus
237 2431 287 2477 est.
325 2425 394 2478 Post
403 2426 529 2498 Pompeii
542 2427 636 2494 fingam
650 2429 818 2494 collegarum
835 2427 904 2481 atte-

109 2512 183 2563 rum,
197 2499 237 2550 Μ.
248 2497 396 2566 Lepidum,
418 2501 497 2568 quem
508 2515 541 2552 ex
551 2499 645 2553 Africo
655 2501 684 2552 in
695 2503 827 2552 auxilium
839 2514 904 2564 evo·

111 2579 200 2639 curat,
221 2573 420 2644 superbientem
429 2575 528 2644 viginti
542 2575 681 2646 legionum
695 2575 810 2643 fiducie,
830 2589 904 2630 sum·
