1992 2962
265 93 465 143 CLAUDHJS.
502 70 712 146 cursu-ss
835 97 884 149 ιιι

89 216 224 270 sandriae
233 215 331 270 Museo
347 217 463 270 alterum
477 217 601 270 additum
616 233 648 269 er
662 219 750 286 ipsius
760 225 884 285 nourine3

88 291 311 358 institutumque,
331 298 363 343 ιιι
378 293 526 359 quotannis
539 293 568 343 in
579 292 665 346 altero
679 291 841 360 Τυῤῥηιικῶν
851 297 883 348 Ιί-

89 363 146 428 bri,
160 365 189 416 in
200 365 287 417 altero
297 364 512 431 Καρχηδονικῶν,
528 367 625 418 diebus
634 368 759 431 statutis,
770 370 844 422 velut
854 373 883 423 iu

88 439 239 503 audrtorro,
250 441 431 491 tentarentur
439 440 646 507 tetrasrngulrs
656 456 705 508 per
714 457 797 494 vaces
888 495 890 505 ,

144 511 244 564 XLlll.
265 512 322 564 Sub
333 513 408 566 exitu
421 514 495 565 vitae
510 515 589 581 signa
604 515 752 581 quaedam,
771 532 822 570 neo
832 520 879 571 ob·

87 601 181 650 seura,
202 587 367 654 poenitentis
383 587 416 639 de
430 589 606 639 matrimonio
617 575 783 656 Agrippinae
793 591 881 659 deque

86 660 206 714 Neronis
227 660 376 730 adoptione
395 661 517 714 dederat.
556 661 697 729 Siquidem
718 678 879 718 commemo·
891 725 894 733 ¹

86 735 213 786 rantibus
226 733 347 798 libertis,
368 750 400 786 ao
415 735 592 788 laudantibus
607 736 805 803 coguitionem,
825 755 880 807 qua

86 808 177 876 pridie
188 807 323 874 quandam
335 809 464 861 adulterii
478 824 553 862 ream
569 808 810 876 condemnaverat,
830 812 881 864 sibi

88 897 189 968 petoque
199 881 311 953 infutis
314 898 374 945 esse,
386 884 509 948 iactavit,
521 883 608 936 omnio
618 883 762 951 impudice,
774 887 819 940 sed
828 904 880 939 non

11 1015 12 1018 Ἴ
86 956 216 1024 impunita
231 956 408 1010 matrimonia.
446 957 482 1009 Et
496 957 611 1014 subinde
626 958 735 1010 obvium
751 961 805 1012 sibi
818 960 880 1012 Bri·

85 1031 226 1082 tannioum
238 1031 323 1082 artius
334 1031 501 1116 complexus,
511 1029 639 1084 hortatus
648 1039 696 1098 est,
702 1042 733 1084 at
743 1043 877 1099 cresceret,

86 1103 267 1172 romanunque
277 1121 294 1154 a
304 1120 330 1156 se
340 1104 597 1192 ontuiamsaetorum
608 1105 749 1194 acciperet,
772 1107 879 1160 Graeca

84 1180 197 1246 insuper
206 1193 274 1232 voce
283 1184 453 1246 prosecutus,
465 1174 480 1226 ὁ
490 1174 589 1245 τρώσας
599 1178 642 1227 καὶ
652 1175 760 1232 ἰάσεται.
778 1183 879 1244 Quum.

86 1268 139 1320 que
149 1253 254 1319 impubi
263 1258 410 1319 teneroque
422 1251 519 1316 adhuc,
532 1253 641 1320 quando
652 1259 758 1304 statura
767 1257 877 1322 permit-

84 1332 163 1392 teret,
173 1333 267 1394 togam
279 1325 344 1378 dare
355 1326 531 1390 destinasset,
543 1326 657 1378 adiecit.
676 1337 708 1380 ut
718 1329 822 1380 tandem
827 1345 875 1397 po·

80 1402 160 1469 palos
169 1399 303 1452 Reanunus
313 1416 402 1452 oerum
413 1399 551 1452 Caesarem
561 1399 665 1452 babeat.
721 1427 728 1444 ι

140 1474 240 1528 XLIV.
260 1475 323 1528 Non
343 1475 483 1543 multoque
502 1479 566 1540 post
584 1479 778 1528 testamentum
792 1479 876 1530 etiam

86 1549 263 1616 conscripsit,
285 1565 318 1601 eo
332 1550 418 1617 signis
438 1549 558 1600 oninium
572 1549 782 1616 magistratuum
803 1553 875 1604 obsi-

84 1623 188 1691 gnarit.
199 1622 279 1674 Prius
289 1624 382 1691 igitur,
394 1638 475 1691 quam
485 1623 559 1674 ultra
569 1623 787 1690 progrederetur,
798 1641 875 1694 prae·

84 1703 182 1750 ventus
200 1704 242 1750 est
261 1700 296 1750 ab
309 1697 472 1766 Agrippina,
494 1713 574 1765 quam
589 1702 697 1765 praeter
709 1695 793 1764 haec,
812 1715 875 1750 oon·

84 1771 200 1824 seientia
210 1786 332 1841 quoque,
351 1788 401 1824 neo
414 1772 504 1823 minus
519 1770 656 1824 delatores
667 1770 813 1823 multorum
825 1773 875 1824 ori·

83 1846 186 1906 minum
197 1847 355 1913 arguebant.
393 1845 430 1897 Et
443 1859 547 1897 veneno
559 1844 669 1912 quidem
680 1846 800 1896 occisum
811 1860 874 1896 oon-

83 1919 171 1982 venit3
190 1921 239 1972 ubi
249 1925 339 1974 eutem
350 1925 378 1974 et
387 1936 436 1989 per
446 1935 525 1987 quem
536 1919 611 1982 dato,
622 1918 768 1985 discrepat.
808 1919 874 1980 Qui-

83 1992 146 2045 dam
156 1994 280 2058 tradunt,
296 1994 419 2062 epulanti
427 1995 456 2046 in
467 2009 529 2049 arae
541 2008 601 2044 cum
611 1991 814 2055 sacerdotibus,
825 2008 875 2060 per

81 2067 215 2121 Halotum
225 2069 382 2136 spadonem,
393 2073 640 2136 praegustatorem:
652 2065 709 2130 alii,
721 2065 872 2118 domestico

83 2142 228 2207 convivio,
238 2158 287 2209 per
296 2144 384 2210 ipsam
395 2143 585 2209 Agrippinam,
607 2156 676 2208 quae
686 2139 807 2192 boletum
818 2157 872 2194 me-

81 2216 203 2268 dicatum
214 2217 373 2273 avidissimo
385 2217 509 2268 ciborum
518 2215 616 2268 talium
623 2215 770 2269 obtulerat,
779 2214 872 2266 Etiam

82 2290 116 2341 de
132 2291 359 2358 subsequentibus
374 2290 482 2341 diversa
495 2288 570 2340 fama
584 2296 633 2341 est.
671 2289 755 2340 Multi
768 2289 870 2353 statim,

81 2362 181 2416 hausto
200 2379 318 2427 veneno,
340 2363 507 2415 obmutuisse
521 2363 611 2427 aiunt,
628 2363 871 2430 excruciatumque

80 2438 224 2490 doloribus
234 2443 315 2490 nocte
325 2443 398 2500 tota,
419 2433 550 2486 delenisse
563 2450 649 2502 prope
660 2435 756 2488 lucem.
795 2435 871 2487 Nou.

78 2511 149 2564 nulli
162 2513 234 2564 inter
246 2511 328 2563 initia
343 2509 528 2576 consopitum,
548 2509 645 2560 deinde
666 2510 728 2562 cibo
744 2509 870 2561 affluente

80 2587 232 2639 evomuisse
253 2586 359 2652 omnia,
380 2583 578 2654 repetitumque
597 2581 705 2647 toxico,
726 2583 868 2648 meerbmt,
