1964 2970
114 91 148 146 ao
337 153 340 160 ,
396 95 422 140 c.
447 91 631 140 sunrorur

114 217 205 282 ducis,
226 231 308 285 quam
323 216 497 268 auctoritate.
534 213 600 270 Non
613 216 685 266 eninr
696 213 912 283 cessituuquam

112 291 353 355 tumultuantibus,
365 296 447 358 atque
458 291 542 342 etiam
553 289 664 342 obviam
675 304 782 357 semper
791 289 834 342 iit.
873 289 912 342 Et

111 381 214 418 nonam
234 365 344 434 quidem
363 365 501 433 legionem
521 363 595 432 apud
613 362 797 427 Placentiam,
823 378 910 433 quan.

113 455 195 508 quam
215 439 305 492 adhuc
323 440 352 492 iu
373 441 457 491 armis
471 438 620 510 Pompeius
638 444 721 502 esset,
741 443 831 490 totam
846 453 910 490 cum

110 515 265 582 ignominia
284 515 396 566 missam
416 514 493 578 fecit,
515 529 663 582 aegreque,
684 519 749 580 post
762 513 864 564 multas
880 519 910 566 et

111 589 249 656 supplices
258 605 366 656 preces,
387 589 503 641 necnisi
512 593 611 640 exacta
621 587 655 640 de
665 586 792 640 sontibus
805 601 908 656 poena,
928 628 932 638 .

109 665 239 716 restituit.
345 709 348 714 .

165 737 254 790 LXX.
273 736 449 789 Decumanos
460 741 551 788 autem
560 735 666 789 Romae
677 750 738 787 cum
747 734 909 802 ingentibus

91 825 99 838 “
110 811 202 875 minis,
213 823 374 882 summoque
385 810 554 862 etiamllrbis
564 810 698 877 periculo,
709 811 869 862 missionem
880 815 912 862 et

110 887 234 954 praemia
244 884 412 952 flagitantes,
425 885 537 936 ardente
546 889 612 936 tunc
621 885 651 935 in
661 884 755 936 Africa
764 883 848 947 bello,
860 899 910 936 ne-

111 973 163 1030 que
184 960 261 1012 adire
281 966 424 1012 cunctatus
444 966 498 1023 est,
524 973 682 1027 quanquam
705 958 909 1011 deterrentibus

112 1034 219 1098 amicis,
229 1048 318 1103 neque
328 1033 478 1086 dimittere:
499 1032 547 1084 sed
556 1047 613 1084 una
623 1049 704 1098 voce,
720 1049 776 1102 qua
788 1031 912 1098 Quirites.

110 1124 158 1160 eos
168 1125 219 1177 pro
230 1108 355 1162 militibus
366 1107 532 1176 appellarat,
546 1114 604 1159 tam
614 1107 698 1160 facile
708 1107 869 1176 circumegit
878 1113 910 1160 et

108 1181 198 1249 flexit,
213 1190 246 1236 ut
255 1185 294 1248 ei,
312 1183 408 1235 utiliter
418 1199 484 1244 esee,
501 1181 646 1234 confestim
656 1183 862 1250 responderint,
877 1188 909 1234 et

109 1259 234 1325 quamvis
245 1263 417 1310 recusantem
426 1257 501 1309 ultro
511 1257 540 1308 in
550 1255 672 1308 Africam
682 1257 738 1308 sint
748 1257 852 1317 secuti;
871 1247 908 1310 ac

108 1333 151 1382 ric
165 1347 275 1400 quoque
288 1333 529 1386 seditiosissimum
544 1347 678 1400 quemque
692 1339 720 1385 et
737 1330 856 1400 praedae
878 1338 908 1383 et

109 1406 312 1473 agridestinati
321 1407 404 1459 tertia
414 1413 493 1475 parte
503 1406 638 1458 multavit.

147 1479 265 1532 ,Lxxi
286 1479 412 1533 Studium
427 1487 454 1533 et
467 1479 536 1532 tides
550 1495 616 1547 erga
631 1479 743 1532 clientes
757 1494 792 1532 ne
811 1479 908 1532 iuveni

109 1552 219 1622 quidem
234 1553 387 1608 defuerunt.
425 1552 607 1620 Masintham,
627 1555 750 1607 nobilem
768 1555 906 1618 iuvenem,
976 1559 977 1562 ’

110 1642 193 1695 quum
204 1628 335 1680 adversus
345 1629 532 1695 Hiempsalem
548 1644 639 1696 regem
653 1635 711 1680 tam
721 1630 800 1682 enixe
811 1627 905 1681 defen-

109 1702 219 1767 disset,x
227 1709 259 1753 ut
269 1701 364 1768 lubae,
380 1704 453 1770 regis
464 1703 536 1768 filio,
557 1703 586 1754 in
598 1704 777 1756 altercatione
787 1704 907 1756 barbam

107 1776 252 1841 invaserit,
277 1776 487 1844 stipendiarium
511 1794 621 1846 quoque
645 1778 855 1845 pronunciatum
878 1785 907 1831 et

109 1848 331 1903 abstrahentibus
346 1853 438 1903 statim
455 1853 557 1920 eripuit
570 1853 774 1920 occultauitque
789 1851 863 1920 apud
874 1869 905 1905 se
924 1903 927 1908 .

109 1924 170 1989 tliu,
184 1933 213 1977 et
222 1940 300 1990 mox,
317 1941 350 1978 ex
360 1934 490 1996 praetura
501 1927 678 1994 proficiscens
688 1927 717 1978 in
727 1925 905 1994 Hispaniam,

106 2000 180 2052 inter
190 2001 283 2054 officia
296 2003 519 2069 prosequentium
531 2001 674 2068 fascesque
685 2001 815 2055 lictomuu
827 2001 905 2054 lecti-

96 2088 141 2136 ,ca
152 2090 203 2126 sua
214 2076 313 2128 avexit.

163 2148 276 2202 LXXII.
291 2151 401 2203 Amicos
411 2155 490 2203 tanta
499 2165 606 2218 semper
615 2149 752 2202 facilitate
760 2149 905 2216 indulgen-

106 2222 203 2290 tiaque
211 2226 354 2288 tractavit,
365 2231 397 2277 ut
407 2226 437 2276 C.
450 2225 553 2292 Oppio,
569 2226 715 2278 comitanti
724 2241 754 2277 ne
763 2240 812 2292 per
823 2225 904 2278 silve·

107 2303 163 2349 stre
173 2298 238 2363 iter,
255 2307 439 2367 correptoque
450 2301 542 2350 subita
552 2299 723 2365 valetudine,
739 2305 767 2352 et
777 2299 904 2351 deverso-

106 2371 190 2435 riolo,
202 2373 277 2441 quod
285 2389 369 2425 unum
381 2381 453 2438 erat,
466 2373 566 2443 [lecto]
580 2373 705 2438 cesserit,
721 2375 817 2442 etipse
828 2371 906 2426 humi

108 2459 142 2496 ac
151 2447 201 2498 sub
213 2448 277 2500 divo
289 2449 422 2500 cubuerit.
442 2449 500 2499 lam
511 2454 601 2500 antem
612 2463 703 2499 rerum
713 2454 812 2516 potens
822 2463 905 2515 quos-

107 2517 171 2571 dam
191 2521 275 2574 etiam
294 2522 383 2573 infimi
401 2522 509 2590 generis
529 2521 566 2573 ad
579 2522 766 2588 amplissImos
784 2520 906 2575 bonores

105 2597 242 2662 provexit.
282 2595 373 2658 Quum
383 2596 419 2648 ob
429 2595 460 2648 id
471 2596 639 2665 culparetur,
650 2595 792 2664 professus
804 2601 846 2649 est
854 2610 906 2665 ps-
