1992 2962
96 133 146 184 26⁰
370 131 397 178 G
424 129 615 184 suunouu

96 253 216 308 hominis
228 245 360 306 cervicem
370 253 457 306 inseri
465 252 572 319 furuae,
589 211 688 344 eqrpus
702 253 789 320 virgis
800 251 837 304 ad
846 269 895 306 ne

97 345 156 382 cem
167 327 260 391 oaedl
281 329 459 393 conterritus,
475 329 546 381 duos
555 329 702 397 puglones,
718 342 789 396 quos
798 342 896 380 seeum

94 403 209 467 bllerat,
231 403 360 470 arripuit,
380 407 539 472 tentataque
552 405 696 470 utriusque
715 401 776 454 aele
794 413 893 468 rursus

96 477 233 541 condidit,
255 483 396 541 causatum,
416 477 531 528 nondum
549 477 638 530 adesse
649 476 767 549 sobolom
786 473 890 528 boram.

95 553 135 604 Ao
144 551 227 604 modo
239 550 357 619 Sporum
367 549 544 632 hortabatur,
563 557 595 603 ut
608 551 755 604 lamentari
769 565 802 602 ae
811 549 892 618 plan-

93 641 160 696 gere
169 627 314 698 lnolperet3
333 625 417 676 modo
430 611 541 690 or'abat,
561 631 593 677 ιιι
606 641 635 678 se
650 617 752 694 ab'q’uis
767 622 804 676 ad
817 638 892 676 mor·

95 707 151 753 tem
165 693 361 768 capessendam
375 699 500 767 exemplo
515 701 635 762 iuvaret3
653 699 791 752 interdum
800 699 893 767 sogni-

95 772 588 842 tiomsuamhisverbieiucrepabat:
613 772 680 826 Vivo
693 772 848 862 desomiter
856 786 893 826 ac

98 848 225 917 turpiter.-
243 843 273 896 οὐ
288 840 384 913 πρέπει
395 846 498 914 Νέρωνι
501 879 510 906 ,
530 843 560 896 ου
576 846 684 915 πρέπει·
705 843 796 912 νήφειν
810 845 852 896 δεῖ
864 844 893 896 ἐν

98 939 153 978 τοις
161 936 305 976 rotome
320 917 375 984 ἄγε,
385 922 463 990 ἔγειρε
473 919 591 972 branton
605 922 717 998 lamque
727 921 833 989 equltes
844 935 894 988 ap

97 998 335 1067 propinquabant,
355 997 454 1064 quibus
468 1003 645 1065 praeceptum
658 1001 731 1061 erat,
750 1001 782 1048 ut
799 995 895 1049 vivum

98 1087 158 1124 enm
171 1069 346 1124 attraherent.
363 1070 445 1133 Quod
454 1077 486 1122 ιιι
494 1069 580 1123 sensit
580 1069 769 1139 trepsdanter
778 1069 903 1123 effatus

149 1138 315 1205 innovss'
298 1161 348 1193 osu
344 1141 464 1194 πόιων’
448 1144 517 1204 αμφὶ
527 1141 625 1200 κτύπος
636 1141 722 1194 οὔατα
729 1140 829 1206 βάλλει,

98 1219 200 1272 fenum
210 1219 306 1288 iugulo
318 1219 418 1288 adegit,
429 1221 540 1272 iuvante
550 1218 748 1294 Epepmouito
754 1217 893 1272 alibellis.

99 1295 328 1362 Semianimisque
339 1289 777 1367 adhuoirrumpenti'oenturionl,
792 1299 894 1382 etpae-

98 1369 165 1421 nula
176 1369 211 1418 ad
220 1369 319 1420 vulnus
331 1369 501 1442 appositam
512 1369 644 1421 auxilium
655 1360 800 1422 sevenisse
810 1369 894 1420 simu·

97 1443 180 1508 lenti,
195 1457 251 1494 non
262 1443 338 1494 ahud
348 1444 503 1512 respondit
519 1459 614 1513 quam,
630 1443 706 1507 Sero,
717 1449 758 1509 et,
768 1439 845 1495 Haeo
855 1450 920 1516 ert·

92 1515 181 1588 fides(
210 1517 583 1587 Atquelueavooedeleoit,
599 1519 770 1570 exstantibus
780 1517 894 1604 rigenti-

97 1595 204 1664 busque
216 1592 303 1644 oeulis
313 1607 400 1660 usquo
412 1591 447 1644 ad
460 1589 604 1644 honorem
613 1592 843 1660 formidinemque
853 1593 894 1643 vi·
980 1653 981 1666 ἢ

98 1666 225 1718 sentium.
263 1665 341 1718 Nihil
354 1668 432 1734 prius
447 1671 495 1718 aut
508 1669 597 1734 magis
613 1683 630 1718 a
640 1668 788 1719 comitibus
798 1681 893 1734 exege-

96 1747 150 1807 rat,
163 1751 288 1810 quamne
298 1746 421 1808 potestas
432 1742 560 1808 conquam
571 1741 670 1808 eapitis
681 1743 725 1794 sui
734 1742 824 1805 fieret,
844 1740 893 1792 sed

97 1823 141 1881 ut,
162 1814 386 1885 quoquomodo,
406 1820 672 1868 totusseremarotur.
710 1815 894 1883 Permisitque
980 1819 981 1824 ’

97 1889 152 1942 hoo
162 1889 263 1956 leelus,
280 1887 386 1940 Galbae
396 1889 522 1952 libertus,
537 1905 594 1942 non
604 1890 691 1942 multo
703 1892 766 1942 ante
775 1890 893 1942 vinculis

98 1965 371 2036 exsolutus,inquae
380 1963 469 2032 primo
480 1963 600 2016 tumultu
610 1965 751 2017 coniectus
760 1963 859 2016 furerat.
885 1989 888 1994 ·

155 2038 188 2090 L.
208 2039 362 2091 Funeratus
378 2043 420 2089 est
432 2037 557 2105 impensa
571 2039 753 2092 ducentorum
766 2037 893 2102 millium,
945 2047 948 2050 “

99 2114 230 2180 stragulis
245 2112 316 2164 albis
331 2127 399 2168 auro
414 2111 540 2177 intextis,
562 2115 661 2181 quibus
679 2129 746 2164 usus
760 2111 894 2165 Kalendis
917 2119 919 2125 ’
943 2120 948 2130 ’

98 2187 223 2238 lanuarii
232 2185 338 2238 fueras.·
369 2185 893 2254 ReliquiasEclogeetAlexandrlanu-

99 2263 182 2312 tricos
198 2277 259 2312 eum
272 2261 339 2313 Acte
354 2262 507 2312 concubina
524 2263 621 2330 gentili
634 2261 894 2316 Domitiorummo-

98 2341 229 2386 numento
249 2335 442 2400 condiderunt,
473 2335 548 2402 quod
572 2337 742 2404 prospicitur
761 2353 776 2390 e
796 2343 909 2404 eampo·

98 2407 202 2458 Martio
213 2409 372 2474 impositum
384 2409 450 2461 colli
460 2407 612 2462 hortorum.
631 2411 663 2462 ln
673 2426 705 2463 eo
717 2408 892 2464 monumento
915 2443 917 2448 ·

100 2480 201 2531 solium
210 2479 405 2548 Porphyretlei
414 2485 573 2548 marmoris,
588 2490 762 2551 superstante
772 2485 895 2545 Limenai

100 2567 158 2616 ara,
170 2553 380 2620 circumseptum
392 2562 434 2607 est
443 2557 537 2623 lapide
547 2557 661 2610 Thasio.

156 2624 202 2678 lu.
223 2625 336 2680 Statius
345 2627 399 2696 luit
411 2643 499 2696 paene
511 2631 598 2698 iusta,
620 2645 736 2700 corpore
750 2632 893 2704 maculoso
