1964 2962
9 2196 25 2246 s(

257 113 306 188 orr'
323 141 437 187 essars
453 141 668 188 aanromaus.
812 135 861 188 ιιι

63 264 184 327 solitus,
199 263 345 329 proposita
360 262 560 324 controversia,
576 261 695 312 sedens'
672 249 819 337 incipere,
836 263 864 310 et
878 319 881 326 ι

62 338 163 389 calore
184 335 294 386 demum
314 339 459 402 provectus
480 348 643 401 consurgere
663 329 696 384 ac
714 348 863 399 perorares

65 409 228 462 declamare
243 415 333 460 autem
350 423 448 474 genere
461 407 553 471 vario,
568 407 652 459 modo
667 406 809 475 splendide
824 413 864 458 at·

65 499 124 551 que
145 468 297 534 adornate:
320 487 391 546 tum,
415 497 449 533 ne
468 495 664 548 usquequaque
682 478 864 533 scholasticus

66 547 284 620 existimaretur,
296 553 454 608 circumcise
465 571 497 606 ac
507 555 626 620 sordide,
638 560 665 607 et
673 555 864 624 tautummodo

42 629 229 699 ,trivialibus
248 629 348 680 verbis.
385 629 452 697 Egit
466 637 493 681 et
507 644 631 693 caussas,
651 643 744 680 verum
763 629 863 692 rarius,

68 703 137 754 dum
152 702 349 769 amplissimam
363 719 498 772 quamque
513 708 646 766 sectatur,
666 717 716 754 nec
730 702 842 752 alium
834 717 864 754 ιιι

66 777 131 828 ulla
151 776 255 841 locum,
276 792 358 844 quam
377 777 535 846 perorandi.
572 775 675 828 Postea
693 776 865 828 renunciavit

66 849 148 915 foro,
163 851 264 918 partim
278 850 395 918 pudore,
411 852 511 919 partim
522 856 604 903 metu.
641 849 712 902 Nam
724 863 819 916 quum,
834 851 864 900 in

65 925 119 978 lite
133 924 253 994 quadam
273 925 473 990 centumvirali,
490 925 663 988 adversario,
677 939 756 990 quem
769 930 801 975 ut
813 923 864 974 im·

66 999 147 1066 pium
166 1013 232 1066 erga
249 1005 376 1066 parentes
392 999 561 1064 incessebat,
580 997 769 1050 iusiurandum
784 998 865 1064 quasi

65 1087 119 1139 per
129 1073 246 1140 liguram
256 1073 297 1124 sic
307 1073 468 1124 obtulisset:
488 1071 554 1124 Iura
563 1087 614 1138 per
622 1071 711 1139 petris
720 1071 863 1138 matreque
935 1141 940 1148 ἱ

67 1221 222 1289 arripiente
232 1234 265 1272 eo
277 1219 475 1306 conditionem,
486 1235 537 1272 nec
546 1220 684 1271 iudicibus
695 1181 865 1286 aspernanti·

69 1293 132 1359 bru,
152 1309 208 1346 uon
227 1294 287 1344 sine
306 1306 405 1359 magua
423 1293 468 1344 sui
483 1293 589 1344 invidia
601 1287 742 1361 negotium
756 1291 864 1344 afflixit.
957 1307 966 1326 ι

70 1367 109 1418 Et
122 1383 219 1420 rursus
231 1368 260 1419 in
274 1367 432 1434 cognitione
447 1367 551 1430 caedis,
565 1367 731 1432 Mediolani,
743 1367 816 1434 apud
829 1366 864 1418 L.

71 1439 210 1506 Pisonem,
221 1440 423 1510 proconsulem,
434 1439 580 1492 defendens
590 1451 675 1505 reum,
685 1457 777 1509 quum,
789 1439 864 1494 cobi-
909 1479 912 1493 .

72 1514 153 1566 beute
163 1515 370 1568 lictore'nimias
379 1514 549 1567 laudantium
559 1516 695 1579 voces,ita
705 1515 865 1566 excandui·

74 1591 168 1652 set,ut‚
173 1587 316 1656 deplorato
322 1589 419 1642 ltaliae
430 1593 512 1652 statu,
520 1589 599 1656 qnasi
606 1588 705 1644 iterum
712 1587 864 1640 informem

73 1661 232 1728 provinciae
242 1662 419 1732 redigeretur,
429 1663 553 1716 Marcum
563 1663 675 1730 insuper
683 1663 807 1726 Brutum,
819 1677 864 1713 cu·

73 1736 118 1788 ius
132 1740 224 1789 statua
238 1735 268 1788 iu
282 1744 429 1806 conspectu
442 1743 514 1803 erat,
523 1737 677 1801 invocaret,
687 1737 778 1804 legum
789 1751 822 1787 ac
830 1735 865 1788 li·

74 1809 189 1865 bertatis
209 1815 348 1865 auctorem
367 1818 395 1864 et
412 1812 560 1876 vindicem,
580 1827 667 1879 paene
684 1825 789 1878 poenas
802 1810 863 1860 luit.

74 1884 132 1936 lam
152 1889 242 1936 autem
262 1885 373 1951 senior,
399 1887 434 1938 ob
454 1887 551 1938 vitium
570 1886 694 1938 vomicae
713 1882 864 1935 Novariam

75 1957 175 2013 rediit:
200 1964 405 2026 convocataque
419 1959 511 2024 plebe,
531 1961 649 2024 caussis,
669 1964 781 2026 propter
795 1971 864 2024 quas

76 2031 148 2082 mori
160 2029 336 2095 destinasset,
351 2032 400 2084 diu
410 2046 443 2092 ae
454 2047 532 2084 more
542 2034 730 2088 concionantis
737 2027 864 2094 redditis,

36 2136 66 2177 f
79 2095 209 2149 abstinuit
220 2097 292 2148 cibo.
864 2139 866 2144 .

322 2177 472 2248 (neuqua
490 2185 627 2251 desunt)

355 2393 584 2424 ψ
