1964 2970
209 113 466 160 oculivmnws.
502 111 579 160 GAP.
597 113 712 160 2‘1-29.
823 110 857 163 65

61 249 197 289 censurae
207 233 321 299 honore,
332 249 441 286 censum
450 239 542 285 tamen
550 233 649 301 populi
657 240 700 286 ter
709 235 779 302 egit3
799 236 854 304 pri·

59 326 134 361 mum
147 324 182 359 ac
191 309 303 360 tertium
313 323 375 360 cum
385 307 502 375 collega,
512 306 632 358 medium
642 308 727 360 solus.

113 381 244 432 xxvffl.
264 381 307 433 De
324 381 465 434 reddenda
483 381 625 448 republica
644 381 688 432 bis
708 382 853 448 cogitavit:

55 458 147 526 primo
158 461 225 522 post
234 459 394 522 oppressum
404 456 498 506 statim
507 455 669 518 Antonium,
679 469 792 518 memor,
804 456 852 508 ob·

54 532 159 581 ieetum
171 528 207 578 ab
217 543 251 580 eo
262 529 317 580 sibi
326 529 449 595 saepius,
460 529 541 596 quasi
550 543 600 595 per
608 529 697 596 ipsum
708 533 806 592 staret,
816 543 852 582 ne

55 603 232 663 redderetur3
252 615 286 652 ac
298 615 394 652 rursus
407 602 501 654 taedio
516 601 662 652 diuturnae
671 602 850 654 valetudinis:

54 691 140 747 quum
154 674 239 725 etiam
252 675 459 742 magistratibus
474 689 508 727 ac
521 681 620 726 senatu
632 675 742 728 domum
753 677 850 727 accitis

53 749 241 802 rationarium
253 749 364 816 imperii
375 749 501 800 tradidit.
540 749 595 803 sen
612 756 756 818 reputans,
777 755 805 801 et
818 765 849 802 se

51 825 193 892 privatonn
203 837 259 873 non
269 823 328 873 sine
337 821 461 890 periurio
470 809 540 886 icio,
551 829 580 876 et
587 823 665 874 illam
675 823 794 894 plurium
805 839 847 876 ar·

51 897 139 951 bitrio
153 903 257 947 temere
272 896 420 961 committi,
439 897 469 947 in
488 897 631 949 retinenda
650 899 847 968 perseveravitr

52 971 182 1034 dubium,
202 975 301 1022 meniu
309 970 436 1034 meliore,
456 985 492 1022 au
505 969 655 1023 voluntate.
694 973 784 1032 Qucum
798 987 846 1023 vo·

51 1044 189 1097 lontatem
207 1059 291 1112 quum
310 1059 378 1112 prae
396 1059 426 1096 se
444 1044 594 1096 identidem
607 1044 703 1108 ferret,
723 1044 846 1113 ¹quodum

52 1121 136 1171 etiam
146 1118 239 1169 edicto
250 1116 293 1168 bia
302 1119 394 1170 verbis
402 1124 520 1170 testatus
534 1125 588 1170 est:
608 1117 654 1170 Ito
666 1117 734 1168 mibi
746 1119 845 1170 soleam

51 1192 217 1260 aeeoffltem
226 1191 410 1259 rempublicam
419 1191 510 1244 nieme
519 1191 549 1244 io
558 1207 606 1244 tuo
620 1192 679 1243 cede
692 1191 782 1254 ment,
803 1199 844 1244 ot·

51 1283 100 1332 pce
109 1267 167 1318 eice
177 1263 220 1316 rei
224 1265 348 1336 fructum
358 1265 508 1333 percipere,
530 1281 605 1332 quem
614 1273 691 1331 peto,
710 1273 741 1317 ut
754 1265 848 1333 optimi

52 1350 137 1394 status
148 1347 243 1391 auctor
253 1339 342 1401 mcor.-
361 1349 388 1398 et
396 1339 509 1390 moriem
519 1338 647 1414 triferam
656 1355 755 1391 meeum
764 1355 843 1408 apem,

49 1429 177 1466 motura
186 1412 215 1465 io
223 1413 335 1482 vertigio
348 1413 577 1485 mofirodnntento
587 1413 756 1480 respublicae,
777 1429 844 1482 puae

49 1486 144 1541 ieceru
184 1487 315 1556 Fecitque
325 1489 384 1556 ipse
394 1503 424 1540 se
434 1493 589 1555 compotem
598 1489 670 1551 noti,
681 1489 757 1540 nisus
768 1491 843 1541 omni

47 1563 148 1626 modo,
168 1563 468 1630 nequemnovistctns
476 1561 638 1631 poeniteret
677 1563 786 1628 Urbem,
796 1577 842 1616 ne·

48 1652 102 1705 que
111 1651 165 1704 pro
175 1637 319 1688 maiestate
332 1637 443 1704 imperii
457 1642 594 1702 ornatam,
614 1643 642 1688 et
655 1637 842 1689 inundationi-

47 1711 100 1762 bus
112 1709 304 1779 incendiisque
319 1711 480 1774 obnoxiam,
500 1711 621 1764 excoluit
634 1712 717 1775 adeo,
736 1717 769 1762 ut
781 1712 842 1764 iure

46 1785 85 1836 sit
93 1783 242 1852 gloriatus,
253 1799 434 1836 marmoream
443 1799 473 1836 se
482 1785 644 1855 relinquere,
656 1799 737 1853 quam
748 1785 841 1836 lateri·

47 1859 120 1910 dam
135 1858 296 1925 accepisset.
334 1859 435 1910 iutam
452 1873 531 1923 vero,
552 1866 683 1928 qnantum
701 1857 842 1926 provideri
863 1895 875 1906 „

47 1929 170 1984 bumana
180 1933 289 1983 ratione
297 1933 400 2000 potuit,
411 1933 495 1984 ctiam
504 1933 533 1986 in
543 1939 682 2001 posterum
692 1931 839 2000 praestitit.

70 2001 79 2006 ’
102 2005 207 2058 XXIX.
227 2004 343 2058 Publica
353 2021 438 2075 opera
446 2007 565 2076 plurima
574 2006 722 2058 exsti-ruit:
736 2005 841 2073 exquia

48 2079 99 2130 bus
108 2079 274 2148 praecipuo,
288 2079 379 2133 iorum
390 2096 453 2132 eum·
461 2081 528 2133 aede
537 2080 636 2131 Martis
646 2079 763 2141 Ultoris,
773 2083 840 2130 tem·

47 2152 122 2220 plum
136 2152 275 2222 Apollinis
288 2155 318 2206 in
331 2153 454 2220 Palatio,
475 2154 569 2206 aedem
583 2151 718 2205 'i'onantis
727 2151 801 2203 lovis
810 2153 840 2203 in

48 2227 202 2296 capitolio.
239 2227 307 2279 Furi
320 2229 478 2280 exstruendi
491 2243 576 2280 cansa
590 2227 644 2279 init
658 2224 797 2278 hominum
812 2231 841 2278 et

45 2301 216 2356 iudiciorum
226 2295 382 2366 multitudo,
393 2317 463 2371 quae
472 2303 629 2366 videbatiu,
639 2316 694 2352 nou
704 2301 838 2352 sufficien-

42 2375 119 2428 tibus
140 2375 264 2440 duobus,
284 2377 368 2428 etiam
385 2377 470 2428 tertio
482 2376 615 2443 indigere
652 2375 748 2443 ltaque
761 2375 830 2426 treci

44 2451 170 2514 uanum,
191 2449 306 2502 necdum
320 2449 441 2518 perlecta
454 2450 554 2501 Martis
569 2449 647 2513 aede,
667 2449 836 2518 publicatum
874 2471 876 2476 ·

44 2531 93 2588 est,
104 2531 282 2592 carniumque,
292 2530 325 2574 ut
333 2524 481 2591 separatim
491 2525 521 2574 iu
531 2539 564 2576 eo
574 2523 686 2592 publica
695 2522 799 2574 iudicia
809 2526 837 2570 et

44 2599 209 2675 sortitiones
217 2597 341 2650 iudicum
351 2598 455 2650 iiercnt.
483 2597 584 2650 Aedem
594 2597 681 2648 Marti
689 2596 762 2650 bello
772 2593 836 2646 Phi·

75 2690 225 2740 sunnon.
608 2688 631 2734 E
