1992 2962
303 141 440 192 onnus
475 103 686 192 csr.1s-1o.
843 146 893 198 aas

98 273 154 330 tus,
166 267 249 332 rupto
258 263 370 318 vinomo
380 265 506 318 essedum
517 267 577 318 eius
586 266 696 331 invasit,
703 267 837 340 elatisque
843 284 893 341 pe·

100 341 182 393 dibus
195 344 285 392 totum
299 355 397 391 eruore
411 339 545 408 perfudit3
565 355 599 392 ac
613 340 819 396 descendentem
832 362 893 414 spe·

100 414 210 467 culator
218 413 340 481 impulsu
348 415 445 466 turbae
456 413 552 466 lancea
561 428 647 483 prope
657 415 817 470 vulneravit.
842 421 892 471 Ur·

97 490 160 542 bem
176 502 285 555 quoque
300 493 328 539 et
342 487 441 540 deiude
455 487 594 539 Palatium
612 489 764 556 ingressum
784 494 892 560 excepit

95 571 187 615 terrae
205 568 322 626 tremor,
343 567 371 614 et
390 562 521 613 assimilis
539 563 650 630 quidam
665 563 783 631 mugitui
796 581 889 618 sontis.

98 638 199 690 Secuta
209 641 273 686 sunt
284 634 426 703 aliquanto
437 635 628 688 manifestiora
638 643 666 688 et
674 638 809 690 tristiora.
828 639 890 692 Mo·

97 709 162 774 uile,
172 709 331 777 margaritis
344 709 512 778 gemmisque
522 716 685 774 consertum,
692 710 727 761 ad
738 713 890 770 ornandam

96 781 248 840 Fortunam
259 798 337 835 suam
346 783 532 836 Tusculanam
546 798 580 836 ex
595 785 670 836 omni
682 799 755 852 gaza
769 802 889 840 secreve-

97 863 154 910 rat=
173 858 335 926 inrepente,
357 859 438 927 quasi
448 858 608 926 augustiore
618 859 727 926 dignius
737 857 815 925 loco,
838 861 889 912 Ca-

97 931 233 1001 pitolinae
252 931 354 984 Veneri
374 931 523 984 dedicavits
554 947 588 983 ac
606 933 733 998 proxima
750 941 831 987 noue
845 950 890 990 so·

96 1005 214 1058 mniavit
228 1006 346 1073 speeiem
359 1006 499 1058 Fortunae
519 1007 669 1074 querentis,
690 1005 846 1060 fraudatam
860 1025 890 1062 sc

99 1079 173 1132 douo
190 1079 342 1144 destinato,
363 1081 559 1148 urinantisque,
581 1087 736 1147 erepturam
750 1088 778 1133 et
790 1083 889 1150 ipsam,

99 1168 169 1221 quae
185 1151 314 1206 dedisset.
353 1153 496 1220 Quumque
511 1155 657 1208 exterritus
671 1155 732 1206 luce
745 1155 834 1223 prima
854 1157 890 1208 ad

98 1227 264 1296 expiandum
283 1228 432 1291 somnium,
453 1227 615 1296 praemissis
631 1228 679 1294 qui
696 1243 753 1280 rem
769 1229 890 1282 divinam

97 1306 276 1369 appararent,
296 1301 444 1352 Tusculum
465 1301 676 1365 excuomrisset,
696 1300 767 1353 nihil
778 1304 890 1358 ,invenit
904 1341 917 1360 a

12 1377 13 1382 ’
95 1381 205 1452 praeter
217 1375 339 1443 tepidam
357 1377 387 1426 in
402 1390 453 1427 ara
464 1372 603 1440 fauillam,
624 1380 797 1445 maturique
810 1377 890 1429 iuxta

97 1465 188 1501 senem
197 1450 227 1502 in
238 1449 329 1502 catino
339 1450 427 1502 vitreo
440 1447 504 1501 thus
517 1453 668 1514 tenentem,
687 1449 752 1500 etin
762 1451 848 1504 calice
858 1451 888 1501 u.

11 1523 12 1530 ’
97 1523 158 1575 otili
175 1539 304 1590 merum.¹
328 1524 507 1576 Observatum
527 1521 610 1574 etiam
630 1527 683 1587 est,
698 1521 832 1576 Kalendis
845 1524 888 1576 la·

95 1597 202 1654 nuariis
213 1597 381 1650 sacrificanti
391 1611 522 1650 coronam
531 1595 566 1648 de
576 1596 667 1664 capite
676 1597 824 1660 excidisse3
840 1613 888 1649 au-

96 1672 215 1740 spicanti
225 1669 316 1738 pullus
327 1671 464 1736 evolasse3
484 1671 644 1740 adoptionis
660 1670 705 1722 die
718 1686 806 1738 neque
816 1671 888 1722 mili·

89 1754 137 1804 ¹tes
157 1743 312 1798 allocutum
333 1753 498 1799 cannensem
517 1745 614 1798 sellam
629 1743 663 1796 de
676 1759 754 1807 nore
768 1745 889 1812 positam

94 1835 146 1889 pru
156 1819 302 1884 tribunali,
318 1820 573 1886 oblitis-ministris,
584 1819 652 1893 etin
659 1825 757 1871 senatu
767 1817 889 1871 wmem

93 1895 413 1964 *perversecollocatams
500 1951 502 1954 .

150 1968 226 2019 XIX.
245 1967 327 2019 Prius
336 1967 415 2033 ¹vero,
436 1983 518 2038 quam
529 1966 718 2031 occideteum,
731 1965 888 2018 medicau-

93 2049 150 2094 tem
159 2055 239 2092 mane
248 2039 387 2110 haruspex
395 2041 545 2094 identidem
558 2042 678 2108 monuit,
700 2042 888 2108 careretperi-

96 2116 201 2177 culum·;
219 2114 552 2182 uonlongepercussores
563 2117 668 2167 abesse.
706 2114 886 2166 Haudmulto

93 2193 161 2257 post
173 2188 328 2254 cognoscit,
348 2188 437 2239 anari
451 2195 542 2240 eastra
557 2189 592 2240 ab
603 2186 723 2241 othones
744 2203 777 2239 ac
791 2187 887 2256 pleris-

95 2275 161 2329 que,
180 2259 318 2311 uteodem
328 2275 409 2328 quam
420 2261 683 2330 primumpsrgeret,
699 2261 886 2326 suadentibus,

94 2337 190 2401 (posse
210 2333 282 2384 enim
302 2334 467 2386 auctoritate
486 2341 515 2386 et
532 2334 693 2400 praesentia
706 2334 887 2403 praevalere),

93 2406 166 2462 nllsil
176 2406 390 2478 amplius-quam·
397 2407 536 2461 continere
550 2423 580 2458 se
593 2407 703 2470 statuit,
724 2414 753 2458 et
765 2408 887 2474 legiona-

93 2483 320 2536 riorumurmaro
330 2481 490 2551 praesidiis,
512 2481 566 2550 qui*
573 2478 758 2531 multifariumv
769 2480 887 2532 diverse-

77 2573 148 2626 ·que
162 2557 329 2611 'tendebant
376 2557 508 2610 Loricam
531 2563 623 2618 tamen
646 2553 738 2606 induit
764 2552 886 2618 linteam,

93 2645 251 2703 quanquam
270 2630 344 2687 haud
364 2632 553 2699 dissimulans,
577 2643 675 2700 parum
696 2625 888 2689 advenisset
971 2639 972 2687 ξ
