1986 2960
231 109 431 162 CAlalGULA.
466 111 677 158 canu-26.
717 116 726 124 “
804 113 855 166 173

48 238 143 288 ritum
155 231 262 296 sosius,
275 239 302 284 et
311 238 417 301 patrem
426 231 540 283 ιιιιιιιιι
551 247 585 284 ex
594 241 628 284 ea
638 240 728 286 natue.
762 233 854 290 inian-

49 319 113 362 tem
126 306 329 370 antemiuliam
335 305 486 358 Drusillam
497 303 671 373 appellatam,
677 321 726 376 per
731 313 852 363 omnium
938 305 941 312 '

50 381 172 436 dearum
186 380 289 448 templa
304 379 508 452 antonienses,
529 380 669 434 Minervae
682 385 788 448 gremio
796 380 852 436 ‘im-

48 455 165 526 posuit,
187 455 366 522 alendamque
385 460 412 504 et
428 454 624 505 instituendam
643 457 850 510 commendavit.

50 531 117 583 Nec
131 529 189 580 ullo
204 529 325 580 firmiore
339 527 443 579 inditio
458 529 503 578 sui
518 529 629 580 seminis
642 543 703 581 esse
713 531 850 596 eradebat,

49 601 282 673 qsramieritatis:
304 602 697 670 quasilliquoquetantaiam
706 610 849 668 amasset,

46 685 86 729 ut
100 675 212 732 infestis,
224 676 318 742 digitis
334 689 384 727 ora
398 682 426 726 et
439 676 536 728 oonlos
548 677 631 728 simul
643 676 795 730 ludentium
808 680 850 730 in·

27 781 30 786 ,
47 750 172 802 fantium
183 751 338 802 incesseret.
850 811 858 823 ι

109 823 210 874 xxvi.
228 822 305 874 Leve
325 839 358 874 aa
375 822 507 890 frigidum
527 825 575 888 sit,
597 823 639 875 his
660 825 772 890 addere,
793 841 848 894 quo

46 898 226 970 propinquos
242 897 399 966 amicosque
413 903 493 963 puoto
508 899 679 964 tractaverit,
695 897 847 952 Ptolemae-

45 989 108 1036 uns,
121 969 281 1044 regislnbae
278 971 386 1040 filium,
393 971 586 1023 consobrinum
595 985 682 1037 sunm,
693 976 847 1038 (eratenim

48 1047 115 1099 etis
125 1045 164 1096 Μ
176 1021 288 1096 Antonii
301 1060 338 1096 ex
350 1045 445 1098 Selene
459 1045 518 1095 iilia
531 1050 646 1112 nepos‚)
668 1053 695 1098 et
707 1048 736 1098 in
750 1049 848 1136 primis

46 1123 143 1190 ipsum
154 1119 341 1183 Macronem,
332 1134 420 1188 ipsam
431 1118 560 1182 Enniam,
573 1121 732 1173 adiutores
723 1123 845 1189 nnperii.

49 1195 155 1262 quibus
167 1194 292 1246 omnibns
303 1208 353 1260 pro
364 1193 574 1246 necessitudinis
588 1195 660 1258 iure,
676 1209 780 1263 proque
790 1211 845 1247 me·

47 1271 170 1321 sitorum
180 1268 283 1334 gratia,
300 1274 413 1319 eruenta
425 1281 500 1318 mors
510 1267 651 1334 persoluta
661 1275 710 1320 est.
749 1268 844 1322 Nihilo

47 1343 221 1396 reverentior
231 1343 360 1394 leniorne
364 1357 429 1410 erga
439 1347 575 1392 ιιιιιιιιιιιι
587 1341 721 1408 quosdam
732 1345 845 1396 summis

48 1417 206 1488 honoribus
221 1415 330 1467 fimetos
346 1415 382 1466 ad
396 1414 521 1468 essedum
536 1416 591 1466 sibi
611 1431 719 1468 currere
733 1423 846 1484 togatos

48 1505 102 1559 por
123 1491 230 1558 aliquot
248 1505 378 1558 passuum
398 1489 499 1552 miliia,
520 1495 548 1540 et
567 1491 695 1542 coenanti
709 1490 845 1556 modoad

1 1565 2 1569 ’
47 1566 173 1635 pluteum
185 1565 267 1616 modo
280 1563 315 1615 ad
325 1565 407 1634 pedes
419 1571 500 1626 sture,
512 1565 666 1616 succinctos
676 1552 771 1630 linteo,
781 1581 844 1635 pas·

48 1643 162 1690 susest:
183 1639 267 1702 alios,
289 1653 370 1706 qsrnm
383 1637 452 1692 elam
462 1638 657 1703 interemisset,
679 1639 843 1692 citarenihi·

1 1709 2 1716 ’
47 1713 171 1764 lominus
181 1720 212 1763 ut
221 1713 299 1765 vivos
309 1712 505 1780 perseveravit,
526 1719 630 1780 paucos
643 1719 709 1781 post
723 1715 781 1766 dies
795 1728 843 1765 vo·

47 1787 269 1838 luntarlamorte
279 1789 393 1854 per-iisse
403 1787 541 1838 mentitus
581 1784 758 1852 consulibus,¹
774 1789 843 1840 obli·

46 1861 87 1912 tis
109 1859 142 1911 de
160 1861 248 1912 natali
268 1876 318 1912 suo
339 1861 457 1924 edicere,
479 1861 625 1928 abrogavit
642 1862 842 1929 magistratum,

1 1963 2 1976 ι
47 1934 157 2002 fuitque
167 1935 346 2001 pertriduum
357 1935 415 1987 sine
425 1940 672 2002 summopotestate
677 1935 841 2002 respublica.

50 2009 232 2069 Quaestor-em
243 2023 321 2060 snum
330 2011 360 2060 ιιι
371 2002 561 2060 coniuratione
571 2009 740 2059 nummatum
749 2009 842 2075 flagel-

47 2083 131 2144 lavit,
152 2089 227 2133 veste
242 2083 365 2134 detracta
384 2083 562 2149 subiectaque
580 2083 698 2133 militnm
715 2078 842 2150 pedibus,

49 2171 106 2224 quo
122 2156 199 2208 firme
213 2157 385 2208 uerberaturi
397 2158 563 2207 insisterent.
603 2156 694 2208 Simili
714 2157 844 2226 snperbia
895 2153 898 2162 “

47 2229 238 2298 violentiaque
253 2237 358 2284 ceteros
372 2231 503 2281 mactavit
513 2229 632 2282 ordines.
671 2231 842 2306 inquietatus

47 2303 162 2354 fremitu
174 2306 296 2372 gratuita
309 2303 430 2360 infliroo
445 2304 509 2354 loea
523 2304 556 2354 de
569 2305 661 2356 media
670 2310 752 2356 noete
762 2319 842 2356 oocu-

46 2379 186 2446 pantium,
206 2393 300 2430 omnes
313 2377 433 2428 fustibus
449 2378 549 2444 abegit.
584 2377 840 2448 Elisiqnepereum

46 2452 193 2503 tumultum
206 2453 306 2519 viginti
320 2450 438 2518 amptius
457 2452 562 2517 equites
573 2451 703 2516 Romani,
724 2453 841 2505 totidem

47 2533 205 2591 matronae,
222 2541 304 2594 snper
313 2527 483 2576 innumeram
491 2525 602 2576 turbem
612 2532 739 2578 aeteram.
779 2525 841 2579 Soe-

47 2601 117 2652 nicis
132 2601 218 2664 ludis,
240 2601 311 2653 mter
324 2599 431 2669 plebem
445 2605 473 2650 et
486 2600 604 2666 equitem
615 2615 726 2654 eausam
737 2600 841 2654 dheor-
