1964 2970
124 99 157 151 58
216 140 219 145 .
399 100 426 145 G.
450 97 640 146 SUETONll

123 237 245 292 gnopere
256 221 396 290 cupiebat,
410 215 496 273 itiam
505 218 618 288 Psyllos
631 217 766 285 admovit,
781 220 829 288 qui
838 235 921 274 vens.
977 217 978 292 l

123 313 189 349 num
200 311 233 348 ac
242 297 318 347 virus
328 300 502 362 exsugereut3
523 293 597 363 quod
610 294 725 361 periisse
739 308 834 346 morsu
844 297 922 364 aspi.
977 297 978 302 ’

117 371 337 440 disputabatur.
370 368 510 420 Ambobus
521 382 690 419 communem
701 367 857 436 sepulturae
868 367 920 421 ho·

124 459 219 497 norem
229 444 335 507 tribuit,
342 457 375 494 ac
383 441 517 494 tumulum
528 442 563 493 ab
573 441 642 509 ipsis
651 439 811 492 inchoatum
821 444 920 511 perfici

124 519 214 570 iussit.
243 518 391 570 Antonium
401 517 534 580 iuvenem,
545 516 678 569 maiorem
689 515 723 566 dc
733 516 840 568 duobus
850 516 919 568 Ful-

124 594 170 643 via
179 593 292 660 genitis,
308 591 455 642 siiunlacro
466 589 502 640 D.
512 589 589 654 Iulii,
610 590 646 640 ad
657 589 730 658 qnod
741 596 805 657 post
813 589 919 642 niolitus

124 673 151 718 et
170 667 264 718 irrites
284 680 378 734 preces
403 663 577 732 confugerat,
602 663 745 731 abreptum
767 664 917 715 interemit.

123 740 191 792 ltem
202 739 408 802 Caesarionem,
429 753 509 807 quem
516 752 552 806 ex
564 738 681 789 Caesare
692 736 840 806 Cleopatra
850 753 918 790 con·

125 815 229 881 cepisse
239 812 427 880 praedicabat,
438 817 587 864 retractum
597 826 612 863 e
622 810 689 878 fuga
699 810 835 880 supplicio
847 811 918 864 affe-

125 888 170 938 cit.
194 885 327 956 Reliquo
336 885 450 938 Antonii
458 887 623 954 reginaeque
634 900 790 936 communes
800 884 918 951 liberos,

123 976 178 1012 nou
188 975 310 1012 secusne
320 960 520 1012 necessitudine
529 960 639 1011 iunctos
650 958 716 1022 sibi,
732 964 760 1010 et
770 975 917 1012 conserva-

122 1035 163 1086 vit
172 1041 200 1086 et
209 1049 273 1086 mox
284 1049 333 1102 pro
346 1033 503 1086 conditione
515 1033 646 1101 cuiusque
656 1033 786 1085 sustinuit
797 1015 917 1086 aclorit.
977 1057 978 1060 ¹

178 1107 278 1160 xvlu.
298 1107 352 1160 Per
364 1107 437 1160 idem
450 1113 558 1176 tempus
573 1107 757 1160 conditorium
771 1112 799 1159 et
814 1121 918 1175 corpus

104 1229 107 1232 .
122 1181 219 1250 Magni
228 1181 388 1245 Alexandri,
409 1195 492 1250 quum
506 1180 643 1248 prolatum
655 1197 669 1232 e
679 1179 813 1250 penetrali
823 1182 918 1234 subie-

123 1255 916 1323 cissetocnlis,coronaaureaimpositaaclloribusasper-

122 1330 161 1380 sis
170 1337 314 1382 veneratus
325 1329 378 1382 ests
396 1329 601 1397 consultusque,
612 1343 677 1380 uum
687 1335 715 1380 et
724 1327 916 1382 Ptolemaeum
977 1343 978 1346 ’

121 1403 256 1470 inspicere
269 1403 363 1467 vellet,
383 1419 476 1471 regem
486 1418 513 1453 ee
527 1401 646 1464 coluisse,
668 1403 720 1466 eit,
740 1401 839 1466 videre,
860 1419 918 1458 nme

122 1485 246 1528 mortuos.
284 1476 501 1548 Aegyptum-in
520 1477 678 1546 provinciae
698 1475 815 1528 formam
833 1477 916 1530 reda·
977 1523 978 1530 ,

122 1555 207 1614 mam,
224 1556 256 1601 ut
265 1547 427 1602 feraciorem
437 1547 654 1618 habilioremque
665 1565 790 1602 annonae
799 1549 917 1612 urbicde

121 1623 260 1686 redderet,
271 1621 362 1674 fossas
373 1637 476 1686 omnes,
486 1623 516 1673 in
527 1637 595 1690 quas
605 1623 685 1674 Nilus
696 1631 851 1690 exaestuat,
864 1627 915 1678 ob·

27 1712 32 1716 ·
120 1697 232 1752 limatus
242 1697 327 1764 longa
336 1697 601 1761 retentatamilitari
611 1712 693 1766 opere
704 1697 824 1751 detersit.
838 1699 921 1761 0110.»

121 1787 175 1840 que
184 1771 314 1822 Actiacae
324 1771 457 1822 victoriae
467 1772 601 1824 memoria
611 1773 775 1824 celebratior
786 1779 813 1824 et
823 1775 852 1824 iu
862 1789 916 1843 po·
946 1813 949 1816 -

122 1852 224 1898 sterum
235 1851 318 1909 esset,
339 1845 433 1898 urbem
444 1843 603 1914 Nicopolim
617 1847 691 1914 apul
699 1846 807 1898 Actium
819 1849 917 1901 condi.
936 1881 939 1887 -
977 1847 978 1876 l

122 1920 176 1984 dit3
196 1919 331 1989 ludosque
344 1919 403 1970 illic
417 1919 632 1988 quinquennales
643 1921 798 1984 constituit3
819 1928 846 1974 et
856 1937 917 1976 am·
977 1913 978 1922 ¹

120 1994 208 2063 pliato
228 2000 319 2046 vetere
337 1993 473 2062 Apollinis
492 1994 608 2063 templo,
633 1994 723 2046 locmn
749 2002 916 2064 castrorum,

121 2069 221 2136 quibus
230 2068 322 2120 fuerat
330 2084 405 2132 usus,
417 2074 579 2120 exornatum
588 2068 733 2122 navalibus
744 2071 850 2140 spoliis,
857 2071 916 2143 Nq-

75 2169 80 2176 -
119 2149 205 2210 ptuno
218 2158 251 2194 uc
259 2143 346 2194 Morti
357 2142 535 2194 consecravit.

175 2215 250 2267 XIX.
270 2217 417 2269 Tumultus
427 2215 576 2284 posthaec,
589 2217 715 2268 acetiam
725 2233 816 2279 rerum
826 2231 916 2273 nova.

118 2303 178 2341 urm
193 2290 275 2341 initia
289 2291 548 2360 commotionesque
563 2291 729 2358 complures,
749 2294 917 2362 pruisquam

60 2384 66 2394 ·
117 2362 323 2429 invalescerent,
334 2364 438 2417 indicio
450 2365 571 2416 detectas
582 2368 757 2433 compressit,
771 2361 841 2420 alies
852 2369 916 2426 alio

113 2441 252 2506 'temporez
273 2437 374 2510 Lepidi
386 2439 504 2508 iuvenis,
525 2438 624 2492 deinde
633 2438 768 2494 Varronis
777 2442 916 2498 Mmenae

117 2521 145 2568 et
158 2516 259 2568 Fannii
273 2516 433 2586 Caepionis,
453 2531 518 2568 mox
531 2515 571 2568 M.
586 2515 711 2583 Egnatii,
733 2516 795 2568 exin
804 2515 917 2572 Plautu

116 2589 187 2658 Ruti,
199 2589 334 2661 Luciique
344 2589 448 2657 Pamli,
463 2591 610 2662 progeneri
620 2590 676 2656 sui3
697 2605 730 2646 ac
739 2589 850 2663 praeter
860 2589 916 2649 has
977 2635 978 2638 η
