1964 2970
128 93 162 148 ot
371 159 374 166 Δ
408 96 434 141 c.
460 94 647 142 snuroniii

130 233 175 272 ces
185 217 385 282 exorabilibus,
401 217 477 268 solus
487 231 652 284 magnopere
664 215 818 280 contendit,
833 232 867 269 ne
878 221 926 270 ciii

128 297 299 362 parceretur:
319 293 535 362 proscripsitque
549 291 633 342 etiem
644 291 674 340 C.
686 291 839 341 Toranium
849 291 925 342 tuto·

128 381 186 420 rem
196 381 284 432 suuni,
295 367 464 434 eundemque
475 365 609 431 collegam
620 365 707 432 petris
718 365 763 415 sui
774 364 883 416 Octavii
893 365 924 417 iu

129 441 281 494 aedilitate.
319 440 592 492 limiusflaturninus
611 435 664 490 hoc
684 439 802 507 amplius
821 438 923 491 tradit:

128 530 208 583 pisum
217 524 329 583 peracto
338 513 531 582 proscriptione
545 510 584 562 M.
599 511 714 580 Lepidus
727 512 756 564 iii
770 507 863 564 renatis
878 529 923 564 ex-

129 588 410 656 cornicetprneterito,
420 597 454 647 et
462 603 531 654 opem
542 586 693 640 clementiae
702 586 731 638 tn
736 585 923 656 perterruisse-

129 661 218 726 miset,
235 662 357 730 qnoniam
367 661 584 728 oanspoenarum
594 669 715 713 exactum
725 670 809 722 eiret‚·
829 658 925 712 buiice

129 737 229 789 diuerso
235 735 392 806 professum,
403 735 443 787 ito
453 736 557 787 modom
567 735 781 802 superscribendi
788 733 924 798 orantisne,
976 731 977 734 ’

127 819 161 862 ut
169 809 256 862 omitia
266 808 317 861 sibi
325 809 462 876 reliquerit
470 810 560 862 libera.
599 810 631 862 lii
645 810 723 864 cuius
736 815 829 862 tamen
839 811 925 878 perti·

116 871 226 938 'naciae
240 885 437 952 poenitentiarii
451 890 548 952 postea
558 885 592 936 T.
603 883 716 936 Vinium
730 881 936 954 Philopoenie-·

128 975 200 1023 nem,
212 959 285 1028 quod
296 964 442 1028 patronum
453 975 531 1010 suum
545 959 730 1027 proscriptum
741 957 844 1010 celasse
855 957 927 1011 olim

130 1033 280 1097 diceretur,
301 1035 423 1102 equestri
438 1033 573 1100 dignitate
587 1032 737 1084 decoravit.
776 1032 807 1086 lii
827 1032 927 1084 eadem

129 1107 182 1160 hac
196 1107 498 1177 potestate'mnltiplici'
509 1108 636 1174 flagravit
652 1102 766 1158 invidia.
805 1105 877 1158 Nam
897 1117 929 1160 et

129 1181 284 1246 Pinarium,
296 1181 414 1250 equitem
425 1183 593 1247 Romanum,
608 1195 693 1250 quum
703 1181 884 1234 concionante
895 1197 928 1235 se

130 1257 252 1308 admissa
261 1258 343 1308 turba
353 1271 522 1326 paganorum
535 1256 608 1323 apud
621 1255 736 1320 milites,
751 1255 928 1310 subscribere

130 1331 265 1400 quaedam
276 1332 523 1395 animadvertisset,
530 1331 668 1382 curiosum
679 1345 712 1381 ec
722 1330 927 1398 speculatorem

130 1411 219 1468 ratus,
236 1419 329 1458 coram
344 1405 458 1458 confodi
471 1405 629 1474 imperavit:
650 1410 678 1456 et
691 1403 808 1457 Tedium
818 1403 928 1470 diuini,

132 1477 270 1530 consulem
286 1479 470 1548 designatum,
491 1480 556 1546 quia
570 1479 674 1530 factum
689 1479 828 1548 quoddam
844 1494 929 1533 suum
976 1509 977 1512 =

114 1549 115 1552 ’
131 1552 253 1618 maligno
266 1568 391 1610 sermone
402 1554 558 1622 carpsisset,
574 1554 659 1604 tanda
671 1553 822 1605 conterruit
831 1553 928 1620 minis,

125 1632 162 1677 ut
172 1627 196 1676 is
207 1641 235 1676 se
245 1626 477 1696 praecipitaverit.
517 1627 552 1678 Et
563 1628 597 1690 Q.
609 1627 745 1692 Gallium,
759 1633 930 1696 praetorem,

131 1700 161 1752 in
176 1700 268 1752 officio
283 1701 459 1756 salutationis
474 1701 592 1754 tabellas
607 1701 729 1772 duplices
742 1709 818 1756 veste
837 1708 931 1760 tectas
949 1688 956 1705 ⁰

131 1780 280 1838 tenentem,
301 1776 456 1844 suspicatus
475 1776 597 1843 gladium
618 1777 756 1840 occulere,
780 1791 831 1829 nec
850 1779 931 1846 quic·
976 1839 977 1850 γ

133 1863 214 1918 quaiii
226 1851 332 1914 stetini,
353 1865 387 1900 ne
398 1850 473 1902 aliud
484 1851 663 1914 inveniretis,
684 1865 767 1902 auaris
776 1851 932 1920 inquirere,

132 1923 227 1992 paullo
243 1928 307 1992 post
321 1938 370 1992 per
384 1926 557 1978 centuriones
572 1931 600 1978 et
613 1925 716 1978 milites
730 1931 838 1995 raptum
852 1929 932 1980 etri-
976 1927 977 1942 ³

132 1999 237 2064 bunali,
249 1999 375 2050 servilem
384 2001 413 2070 in
422 2000 534 2052 modum
543 2000 638 2052 torsit:
659 2013 692 2050 ac
706 1999 836 2053 fatentem
846 1999 932 2070 nihil,

131 2073 215 2124 iussit
235 2073 337 2138 occidi,
357 2074 434 2142 prins
454 2074 543 2126 oculis
557 2075 616 2138 eius
631 2087 682 2126 sua
699 2089 784 2128 manu
802 2072 932 2131 effossis:

50 2145 56 2149 ’
134 2143 214 2214 quem
223 2153 315 2199 tamen
326 2149 422 2200 scribit
437 2148 577 2217 colloquio
592 2149 679 2216 petito
690 2149 852 2199 insidiatum
863 2149 934 2218 sibi,

134 2221 341 2290 coniectumque
352 2237 368 2272 a
379 2239 408 2274 se
421 2223 450 2274 in
465 2222 631 2286 custodiam,
653 2220 750 2276 deinde
760 2219 933 2278 Urbe'inter-

134 2293 209 2346 dicta
220 2295 374 2362 dimissum,
389 2295 535 2364 naiiiragio
545 2296 590 2348 'vel
599 2291 736 2349 latronum
746 2297 857 2348 insidiis
866 2314 934 2368 per-

133 2369 210 2420 iisse.
248 2369 438 2433 Tribuniciaro
452 2377 616 2440 potestatem
629 2377 789 2440 perpetuam
809 2375 932 2442 recepit:

133 2443 163 2494 in
179 2457 234 2512 qna
248 2445 332 2497 semel
346 2451 428 2516 atque
441 2447 539 2498 iteruin
554 2461 603 2514 per
616 2445 726 2514 cingilla
740 2447 829 2498 lustra
843 2447 933 2502 colle.

133 2531 197 2586 gem
217 2519 272 2570 sibi
292 2521 441 2588 cooptavit.
480 2521 593 2590 Recepit
611 2527 639 2572 et
656 2536 764 2572 morum
781 2521 934 2590 legumque

133 2594 255 2660 regimen
265 2609 351 2662 aeque
361 2601 533 2664 perpetuum:
554 2611 609 2664 quo
620 2597 688 2661 iure,
700 2598 934 2666 quanquamsine
