1964 2970
179 101 433 166 ocrlvmuus.
469 117 688 166 caan-21.
752 91 757 99 ’
794 115 827 169 aa

30 241 63 294 L.
74 239 207 304 Audasii,
217 239 351 291 falsarum
361 239 517 291 tabularum
527 241 580 304 rei,
596 254 726 309 anaeque
736 247 827 294 aetate

29 331 120 385 neque
132 329 251 382 corpore
260 315 373 380 iutegri3
392 315 458 365 item
469 314 558 365 Asinii
567 313 692 382 Epicadi,
704 329 738 365 ex
746 322 827 382 gente
884 317 887 326 '

30 388 175 453 Parthina,
187 387 335 455 hybridae3
356 387 391 438 ad
402 393 553 440 extrcnsum
563 385 691 455 Telephi,
702 388 827 440 mulieris

31 464 102 516 nervi
116 461 344 515 nomenclatoris.
382 460 454 513 Nam
467 476 502 513 ne
515 461 630 512 ultimae
644 461 755 529 quidem
768 475 826 514 sor-

30 539 64 588 tis
74 537 222 589 hominum
237 535 442 603 conspiratione
456 541 484 588 et
496 534 620 603 perlculo
637 535 734 587 caruit.
773 535 826 588 Au·
854 553 859 560 ·

31 605 125 663 dusius
137 616 221 678 atque
231 608 370 677 Epicadus
379 609 479 660 iuliani
489 610 575 660 liliam
585 613 614 660 et
622 608 771 677 Agrippam
780 625 826 662 ne·

29 691 122 753 potem
137 697 172 735 ex
185 683 297 746 insulis,
318 684 418 751 quibus
436 683 660 746 continebantur,
679 697 776 752 rapere
790 683 826 734 ad
849 707 852 716 ι

29 759 180 820 exercitum
196 755 347 826 Telephus,
359 757 441 826 quasi
450 758 545 809 debita
558 757 613 808 sibl
627 755 687 809 lato
701 757 825 809 domina·

27 834 118 898 tione,
145 836 173 884 et
195 831 287 899 ipsum
307 836 477 884 stannatum
497 830 611 899 aggredi
629 831 826 884 destinaverat.

28 905 199 969 Quinetiam
214 904 352 974 quondam
366 905 446 956 iuxta
461 903 686 958 cubiculumeius
696 905 755 958 lixa
765 907 825 975 qui·

29 982 91 1032 darn
101 995 138 1032 ex
147 979 262 1046 illyrico
273 980 395 1030 exercitu
399 979 585 1046 sauitombns
595 978 729 1048 deceptis
740 988 825 1031 noctu
937 1033 940 1040 ,

30 1053 215 1124 deprehensus
226 1059 279 1116 ast,
301 1053 390 1105 cultro
404 1053 549 1104 venatorio
560 1052 680 1115 oinoms3
698 1053 825 1120 imposne

31 1129 142 1192 mentis,
163 1119 494 1192 ausianulatadementia,
504 1127 653 1189 incertum
672 1089 825 1200 hihilenim

29 1165 146 1272 exprimi
156 1201 317 1270 quaestione
327 1201 461 1268 potuit.

81 1277 146 1328 XX.
166 1275 288 1328 Externa
306 1275 381 1326 bella
400 1275 455 1326 duo
477 1272 589 1326 omnino
609 1289 708 1342 perse
727 1275 822 1341 gessit,

28 1350 214 1402 Doluiatieuui
235 1349 394 1401 adolescens
410 1347 512 1412 adhuc,
533 1353 561 1398 et
573 1347 693 1400 Antonio
714 1349 822 1402 devicto

29 1424 234 1477 Cantabricum.
253 1423 412 1489 Dalmatico
423 1423 507 1490 ctiam
516 1421 630 1474 vulnera
640 1423 756 1492 excepit,
766 1439 823 1476 uua

28 1501 98 1564 acie,
121 1499 249 1550 dextrum
268 1513 340 1565 genu
359 1497 452 1566 lapide
471 1497 557 1559 ictus3
578 1496 666 1549 altera
680 1504 707 1550 at
721 1513 784 1550 orus
795 1505 824 1551 et
863 1483 866 1505 ¹

26 1581 172 1642 utrumque
182 1569 325 1624 brachium
335 1573 416 1623 ruina
425 1571 518 1639 pontis
530 1573 732 1625 consauciatus.
770 1573 822 1625 Re-

25 1648 102 1718 liqua
120 1659 171 1716 per
190 1645 298 1714 legatos
318 1645 535 1707 administravit;
558 1652 694 1699 attamen
710 1647 821 1716 quibus·

25 1723 89 1774 dam
104 1720 274 1773 Pannonicia
294 1725 378 1788 atque
393 1718 565 1772 Germanicis
585 1727 634 1772 aut
646 1721 823 1774 interveniret

24 1803 71 1849 aut
89 1811 149 1848 non
163 1794 245 1862 louge
264 1795 385 1857 abesset,
405 1791 563 1846 Ravennam
576 1794 620 1846 rel
632 1793 822 1848 Mediolanum

24 1872 67 1923 vel
76 1868 235 1938 Aquileiam
244 1883 332 1938 mque
342 1868 377 1920 ab
387 1867 460 1919 Urbe
470 1868 657 1937 progrediens
766 1871 772 1884 '

78 1941 157 1996 xxi.
177 1941 293 1995 Domuit
303 1948 403 2006 autem,
414 1941 515 2010 partim
525 1942 610 1994 ductu
619 1942 720 2011 partim
731 1942 822 2009 auspi·

27 2019 155 2082 niissuis,
168 2017 355 2081 Cantabriam,
365 2015 551 2086 Aqmtausam,
562 2015 743 2079 Pannoniam
755 2014 822 2066 Dal

25 2093 152 2158 oratiam,
168 2107 229 2144 eum
240 2090 354 2159 illyrico
370 2091 459 2142 omui·
478 2090 546 2142 item
560 2087 705 2142 Rhaetiam
719 2094 746 2141 et
756 2084 822 2142 Vin·

26 2165 128 2220 dclie'm
144 2181 178 2217 ae
192 2165 332 2230 Salassos,
353 2172 448 2232 gentes
461 2165 612 2234 Inalpinas.
652 2162 782 2240 Codreuit
795 2170 823 2217 ot

25 2238 194 2292 Dacorum
184 2241 370 2303 mouusiones,
394 2240 484 2290 tribus
508 2254 604 2292 eonrm
624 2236 742 2289 ducibus
761 2230 821 2290 cisni

24 2329 123 2401 magna
138 2315 222 2384 copia
236 2314 337 2378 caesis,
358 2311 566 2382 Germanosque
579 2312 655 2364 ultra
667 2311 758 2364 Albim
772 2312 822 2365 llu-

25 2389 94 2440 rium
106 2387 270 2441 summovit:
291 2401 324 2439 ex
340 2388 440 2456 quibus
450 2387 538 2439 Ubios
553 2392 580 2439 et
591 2385 761 2455 Sygambros
776 2387 822 2440 de·

26 2461 116 2515 dautes
137 2477 168 2514 se
187 2460 313 2513 traduxit
331 2462 361 2512 iu
381 2459 516 2525 Galliam,
537 2465 620 2529 atque
638 2461 669 2512 in
688 2462 840 2530 proximis.¹

25 2533 115 2592 Rheno
138 2537 216 2608 agris
237 2533 394 2590 collocarit.
433 2535 510 2594 Alina
527 2536 594 2593 item
609 2536 737 2591 undenos
750 2535 823 2592 male

6 2611 128 2679 quietas
144 2609 182 2665 ad
197 2609 361 2684 obsequium
374 2609 496 2684 redegit:
524 2627 575 2667 nec
593 2612 647 2666 ulli
666 2613 743 2683 genti
762 2613 822 2668 sine
