1986 2960
112 78 114 82 ’
212 90 397 140 arsamus.
433 91 644 144 cuum-u.
771 95 821 147 155

9 211 170 278 nonnulli,
189 214 330 282 pulvinum
340 203 482 278 iniectum,
503 229 585 282 quum
600 221 752 268 extractum
766 219 821 272 sibi
839 207 864 288 '¹

9 279 10 308 ¹
24 289 169 342 deficienti
178 288 316 352 annulum,
322 281 390 339 'mox
401 288 573 356 resipiscens,
584 289 752 358 requisisset.
773 291 820 344 Se·

24 379 93 415 neca
104 375 168 413 eum
178 361 281 425 scribit,
292 360 431 412 intellectu
442 360 602 424 deiectione,
609 369 762 431 exemptum
773 378 819 414 en·

24 437 134 498 nulum,
151 435 230 502 quasi
240 435 325 486 alicui
334 435 512 499 traditrmrm,
527 449 674 504 parumper
683 437 818 488 tenuisse:

24 510 87 561 dein
98 523 196 560 narsus
207 516 315 575 aptasse
325 509 422 575 digito,
434 515 461 560 et
471 520 626 576 compressa
637 510 749 562 sinistra
759 525 816 562 ma-

23 598 60 634 nu
69 582 193 634 iacuisse
205 581 253 633 diu
261 582 443 646 immobilem,
462 581 609 650 subitoque
619 583 725 635 vocatis
736 584 815 635 mini·

24 657 97 720 stris,
111 671 146 706 ae
156 656 262 706 nemine
272 655 462 722 respondente,
474 655 685 720 consurrexisse,
691 671 741 709 uec
750 672 814 725 pro·

24 729 68 779 cul
78 745 96 780 a
106 729 210 780 lectulo
222 729 410 780 deficientibus
419 729 524 780 viribus
536 729 698 781 concidisse.
763 739 768 746 ·

77 801 206 854 Lxxiv.
228 801 358 870 Supremo
369 802 457 854 amali
466 817 516 854 suo
527 802 680 871 Apollinem
690 803 814 856 Temeni-

22 881 90 939 tem,
112 881 141 927 ct
151 876 339 943 amplitudinis
349 877 454 931 et-urtis
465 876 581 928 oxiniae
587 912 595 940 ,
611 877 752 929 advectum
764 877 815 945 Sy·

24 950 144 1014 raousis,
162 956 194 1000 ut
203 949 233 1000 iu
242 948 411 1001 bibliotheca
420 950 486 1002 novi
495 949 591 1016 templi
600 956 759 1017 poneretur,
774 953 814 1002 vi·

25 1021 100 1074 derat
109 1039 160 1091 per
172 1023 289 1089 quietem
303 1024 481 1074 affirmantem
495 1022 561 1094 sibi,
581 1021 641 1075 Noa
651 1039 727 1090 poue
740 1039 767 1074 se
781 1025 814 1075 ab

25 1093 77 1159 apso
88 1095 216 1149 dedicari.
253 1095 290 1147 Et
300 1089 477 1164 ante‘paucos
492 1110 573 1164 quam
588 1097 678 1148 obiret
688 1097 747 1148 dies
756 1103 813 1148 tur·
882 1104 885 1110 ’

25 1169 60 1218 ris
74 1169 158 1237 phari
173 1175 261 1222 terrae
275 1176 353 1222 motu
367 1170 480 1236 Capreis
494 1169 622 1223 concidit.
660 1171 682 1220 Α
710 1170 813 1222 Miseni

26 1242 90 1309 cinis
105 1261 120 1296 e
135 1244 234 1297 favilla
248 1249 275 1295 ct
290 1243 454 1295 carbonibus
469 1241 504 1293 ad
518 1242 689 1294 calfaciendu
726 1243 812 1294 tricli-

25 1315 95 1368 nium
105 1317 209 1381 illatis,
225 1318 387 1380 exstinctus,
402 1322 429 1368 et
438 1317 493 1366 iam
505 1316 552 1366 diu
562 1315 692 1382 frigidus,
710 1318 813 1369 exarsit

25 1397 131 1456 repento
141 1391 233 1459 prima
242 1406 368 1460 vespera,
380 1395 461 1457 atquc
471 1389 501 1442 iu
510 1389 623 1460 prultam
633 1396 740 1442 noctom
750 1405 810 1458 per-

25 1461 238 1517 tinacitcrluxit.
702 1485 703 1489 ¹

77 1536 302 1590 LXXV.‚Morte
317 1537 375 1588 eius
389 1537 430 1589 ita
443 1537 562 1590 laetatus
576 1542 618 1589 est
630 1538 761 1606 populus,
780 1545 812 1590 ut

27 1607 59 1657 ad
68 1612 187 1677 primum
197 1612 325 1663 nuncium
336 1607 530 1675 discurentes,
544 1626 623 1679 pars,
639 1610 772 1664 liberium
782 1613 811 1664 ia

29 1677 153 1749 illenim,
167 1685 351 1748 clamitarent3
370 1699 435 1752 pers
452 1683 562 1736 Terram
576 1695 686 1737 matrem
701 1687 810 1752 deosque

26 1749 115 1810 Monet
126 1769 248 1822 orarent,
268 1775 300 1810 ne
313 1767 415 1812 mortuo
430 1759 515 1810 eedem
528 1760 607 1810 ullam
621 1757 752 1811 nisiinter
761 1759 809 1810 im·

21 1826 76 1888 pior
86 1831 180 1885 darent
185 1849 199 1894 ,·
207 1897 209 1903 Α
218 1833 268 1884 alii
281 1848 380 1884 uncum
391 1840 418 1884 et
428 1831 575 1884 Gemonias
586 1832 714 1884 cadaveri
723 1833 809 1884 mbra-

25 1909 125 1971 reutur,
141 1907 298 1960 exacerbati
313 1922 394 1974 super
403 1907 562 1958 memoriam
572 1906 704 1976 pristinae
715 1905 808 1958 crude-

24 1969 106 2029 litatis
117 1983 201 2033 etiam
211 1981 315 2032 recenti
325 1981 479 2033 atrocitate.
517 1977 588 2030 Nam
604 1993 686 2047 quum
697 1984 808 2030 senatus

9 2053 12 2118 l
25 2053 145 2106 consulto
158 2060 268 2106 cautum
279 2060 362 2118 esset,
382 2060 413 2106 ut
421 2068 512 2122 poena
521 2051 712 2104 damnatorum
721 2051 751 2104 in
762 2052 807 2104 de·

25 2119 118 2176 timum
128 2143 235 2196 semper
245 2129 316 2180 diem
327 2125 568 2191 differretur,lorte
578 2125 688 2189 accidit,
698 2131 730 2176 ut
740 2140 806 2192 quo·

24 2195 133 2250 nudam
143 2202 273 2280 supplicii
282 2201 376 2272 diesis
386 2207 470 2266 esset,
482 2216 535 2268 quo
546 2200 705 2252 nunciatum
715 2199 748 2250 de
759 2199 806 2250 Ti·

24 2259 95 2321 borio
107 2281 175 2326 erat:
213 2275 274 2328 Hos
283 2275 461 2343 implorantes
471 2273 611 2326 hominum
622 2273 715 2338 tidem,
730 2273 805 2341 quia,

24 2335 129 2399 absente
141 2348 230 2400 adhuc
240 2350 323 2412 Caio,
338 2363 417 2400 nemo
428 2348 565 2412 exstabat,
580 2348 627 2414 quii
643 2347 715 2398 adiri
723 2347 806 2398 inter·

22 2411 168 2488 bellunique
179 2430 280 2491 posset,
292 2421 432 2485 custodes,
442 2437 477 2472 nc
488 2422 553 2490 quid
564 2421 694 2472 adversus
704 2421 805 2473 consti·

22 2484 104 2540 tutum
123 2493 257 2560 facerent,
278 2495 528 2562 strangulaverunt,
549 2494 763 2574 abieceruntque
776 2494 805 2544 in

24 2549 176 2624 (temones.
216 2567 529 2639 crevitrgieurnviua,
550 2567 631 2638 quasa
645 2568 728 2620 eoam
742 2573 807 2634 pose
