1964 2970
211 121 473 170 octavianus.
509 122 586 168 cnP.
606 124 721 171 29-31.
828 123 861 174 67

69 253 167 299 tatum.
209 244 271 306 Quo
286 249 376 294 autem
390 241 501 294 facilius
514 243 635 311 undiquc
643 246 715 297 Urbs
730 246 861 312 adiretur,

70 322 218 386 desumpta
227 317 424 369 sibiFlaminia
432 317 606 368 vianrmino
617 323 696 370 tenus
706 321 861 386 munienda,
961 371 965 381 ,

68 395 194 460 reliquas
212 389 424 458 triumphalibus
443 392 510 442 viris
530 405 564 442 ex
582 392 734 443 manubiali
747 395 864 460 pecunia
918 407 921 411 ·

69 465 233 520 sternendas
247 465 396 516 distribuit.
433 465 521 516 Aedes
540 479 633 516 sacras
652 471 786 518 recusate
806 467 862 519 col·

68 542 166 608 lapsas
177 543 227 588 aut
235 536 363 588 incendio
370 539 533 605 'absimiptas
543 537 652 601 refecit,
672 553 773 606 easque
783 546 811 592 et
821 555 862 592 ce-

67 621 145 667 teras
160 609 376 678 opulentissimis
389 608 471 660 donis
485 611 643 663 adornavit:
661 618 758 680 utpote
772 615 820 681 qui
833 615 864 666 in

69 689 170 740 cellam
182 684 334 751 Capitolini
346 682 420 734 lovis
434 682 570 734 sexdecim
585 686 673 736 millia
687 687 780 752 pondo
792 689 863 750 ami,

68 773 248 830 gemmasque
263 772 296 808 ac
308 757 472 823 margaritas
486 757 656 824 quingenties
671 760 728 812 HS.
743 776 799 812 eme
814 761 862 814 do·

68 835 186 888 natione
197 830 351 883 contuderit.

124 905 229 958 xxxi.
247 904 398 971 Postquam
411 907 684 974 veropontificatum
703 909 861 973 maximum,

70 997 152 1050 quem
176 993 315 1046 uunquam
337 979 400 1029 riso
420 977 528 1046 Lepido
553 980 661 1033 auferre
685 983 861 1050 sustinuerat,

9 1068 10 1080 ¹
68 1060 181 1108 mortuo
193 1053 438 1119 demumsuscepit
450 1053 581 1120 quicquid
590 1053 767 1106 fatidicorum
777 1055 862 1108 libro·

69 1145 131 1182 rum
142 1126 245 1178 Graeci
254 1125 402 1192 Litinique
411 1128 530 1194 generis,
544 1127 628 1178 nullis
642 1129 686 1180 vel
696 1143 792 1196 parum
802 1129 868 1180 ido-.

68 1205 128 1256 neis
145 1201 318 1263 auctoribus,
337 1199 420 1266 vulgo
435 1199 585 1264 fes-ebeno,
606 1217 690 1268 supra
705 1201 759 1254 duo
774 1202 864 1253 millia

71 1280 217 1329 contracte
225 1273 346 1342 undique
357 1275 500 1336 oremarlt3
520 1289 553 1326 ac
563 1274 639 1326 solos
649 1276 762 1327 retinuit
772 1275 862 1343 sibyla

69 1352 158 1410 linos3
179 1347 231 1400 bos
241 1363 350 1415 quoque
360 1347 467 1399 delectu
477 1346 585 1399 habito:
606 1349 783 1416 condiditque
794 1349 862 1402 duo-

69 1427 121 1477 bus
131 1421 234 1476 forulis
245 1422 349 1472 ametis
364 1422 414 1472 sub
424 1420 546 1474 Palatini
555 1422 690 1488 Apollinis
700 1423 770 1475 basi.
808 1424 862 1476 An·

68 1515 136 1550 num
152 1512 170 1547 a
184 1495 220 1546 l).
234 1495 306 1547 lulio
327 1495 496 1560 ordinatum,
517 1496 565 1547 sed
579 1503 676 1563 postea
695 1498 863 1566 negligentia

70 1571 266 1625 conturbatum
281 1575 362 1636 atque
382 1569 538 1634 coniectum,
557 1575 657 1622 rursus*
666 1572 702 1624 ad
716 1568 876 1639 pristinam<

70 1649 209 1698 rationem
231 1643 349 1710 redegit:
378 1644 408 1694 in
432 1644 510 1695 cuins
534 1645 707 1698 ordinatione
731 1645 862 1698 Sextilem

69 1733 217 1773 menseme
231 1733 281 1769 suo
297 1718 459 1784 cognomine
471 1721 650 1786 nuncupavit,
671 1720 759 1787 tnagis
780 1734 863 1786 quam

70 1793 267 1862 Septembrem,
279 1807 334 1859 qno
345 1796 405 1843 erat
413 1796 506 1855 natus,
518 1793 584 1859 quia
594 1792 647 1846 hoc
656 1795 711 1847 sibi
720 1799 748 1845 et
757 1792 862 1861 primus

70 1866 232 1921 consulatus
243 1865 400 1932 ctinsignes
410 1865 542 1918 victoriae
557 1867 728 1934 obtigissent.
767 1866 862 1918 Sacer-

71 1943 169 1995 dotum
180 1946 362 1992 etnumentm
377 1945 404 1991 et
418 1939 592 2006 dignitatem,
612 1941 701 1992 sedet
716 1938 862 1990 commoda

70 2017 163 2078 auxlt3
183 2015 329 2082 praecipue
339 2012 490 2065 Vestalium
500 2015 645 2082 virgiuum.
680 2014 822 2078 Quumque
832 2012 861 2062 in

71 2091 233 2142 demortuae
243 2087 334 2139 locum
345 2087 501 2154 capitelium
512 2093 662 2155 oporteret,
675 2087 862 2152 ambirentque

70 2165 160 2228 multi,
171 2177 207 2213 nc
217 2161 290 2212 iilias
299 2161 329 2212 in
339 2167 440 2213 sortem
451 2162 559 2226 derent3
580 2161 726 2224 adituavit,
738 2159 763 2212 si
773 2160 862 2210 cerins·

71 2253 153 2306 quam
164 2236 287 2303 neptium
296 2251 407 2287 suasum
418 2241 582 2302 competeret
596 2241 684 2299 aetas,
706 2233 862 2286 oblaturum

69 2312 198 2365 sciuisse
209 2325 278 2361 essu.
312 2309 452 2362 Nonnulla
462 2311 545 2360 etiam
556 2324 589 2360 ex
600 2309 719 2376 antiocus
730 2308 862 2360 caerimo-

68 2387 140 2449 niis,
159 2383 307 2452 paullatim
321 2384 439 2446 abolita,
459 2383 590 2435 restituit:
614 2389 646 2434 ut
660 2383 763 2435 Salutis
779 2395 862 2448 augu-

68 2462 152 2523 rinm,
159 2455 243 2508 Diale
253 2455 413 2520 flaminium,
423 2471 531 2508 saonem
541 2455 701 2524 Lupercale,
713 2456 793 2508 ludos
803 2469 862 2506 sae·

68 2534 179 2586 celares
190 2537 219 2584 ot
234 2530 445 2597 compitalicius.
482 2528 682 2596 Lupercalibus
695 2530 783 2583 vetuit
803 2541 861 2578 cur·

66 2605 366 2662 rereimberbeseltem
376 2600 825 2658 mculadbusludisiuvenesutri*

612 2695 660 2742 En
