1964 2970
151 99 287 149 ructus
311 101 466 150 cussus.
504 102 579 147 cnr.
598 105 714 152 ιι-ιι.
795 100 827 156 31

45 220 120 273 venit.
157 220 300 289 Epistolue'
315 238 424 290 quoque
444 223 503 274 eius
522 224 559 274 od
576 227 695 278 senatum
709 233 826 293 exstant,

44 309 106 360 quas
115 296 220 364 primus
230 297 337 352 videtur
342 296 383 350 ‚ad
393 297 509 363 paginas
519 303 547 348 et
555 295 672 350 formam
684 303 826 354 memoria-

43 367 73 418 lis
82 368 167 421 libelli
178 371 357 432 convertisse,
379 385 462 437 quum
477 376 558 421 antea
569 373 695 424 consules
706 380 733 425 et
742 375 825 427 duces

43 443 145 494 nonnisi
164 449 322 494 transversa
342 441 437 494 charta
455 445 595 497 mitterent
608 447 734 512 scriptas.
771 447 824 500 Ex·
862 471 864 477 ⁸

43 521 109 568 stant
118 523 145 568 et
154 518 191 568 od
201 516 364 578 ciceronem,
385 517 450 568 item
461 517 497 567 ad
502 517 657 587 familiares
668 519 825 574 domesticis

43 586 70 639 de
78 591 190 642 rebus:'
181 605 212 642 ιιι
223 591 354 657 quibus
332 604 357 640 si
367 605 421 656 qua
432 591 824 658 oecidtiusperierendaerant

42 671 172 726 pernotes
182 664 308 730 scripsit,
322 662 352 713 id
362 669 416 726 est,
432 665 473 714 sic
483 671 588 716 structo
599 665 741 718 literarum
752 668 824 718 ordi

42 749 82 800 ne,
95 743 126 788 ut
139 737 246 788 nullum
260 737 372 788 verbirm
386 737 458 788 effici
471 745 578 804 posset.
598 753 668 806 quae
678 741 704 791 si
714 741 775 806 quis
784 742 824 793 in·

42 811 167 878 vestigare
178 817 206 864 et
215 803 345 878 persequi
354 810 432 874 velit,
447 817 573 876 quartam
588 812 782 866 elementorum
792 815 824 867 li·

42 889 127 948 teram,
137 885 167 936 id
178 891 221 937 est
223 885 322 951 ,dpro
334 899 363 947 ιι,
378 890 406 935 ct
414 884 528 950 perinde
537 885 658 953 reliquas
669 895 828 941 commutet.

42 953 167 1012 Feruntur
182 964 211 1010 et
226 973 243 1008 ιι
257 972 343 1025 puero
363 963 391 1008 et
409 958 443 1008 ab
465 957 670 1013 adolescentulo
691 961 824 1028 quaedam

43 1031 143 1098 scripta,
154 1029 442 1093 utLaudesHercolic,
459 1031 598 1100 tragoedia
610 1030 736 1100 Oedipus,
758 1037 823 1086 item

42 1099 116 1155 Dicta
133 1108 323 1158 collectanea..
342 1104 417 1165 Quos
433 1120 527 1156 omnes
545 1105 654 1157 libellos
674 1109 761 1158 vetuit
772 1108 824 1160 An-

43 1183 127 1240 gustus
137 1177 295 1246 publicari'
287 1193 315 1228 ιιι
326 1177 455 1244 epistola,
468 1193 548 1244 quam
559 1181 667 1230 brevem
679 1180 825 1232 admodum

44 1261 72 1298 ac
80 1251 229 1319 simplicem
241 1251 277 1302 ad
288 1248 447 1318 Pompeium
457 1251 591 1316 Macurm,
603 1268 648 1302 cui
640 1253 825 1306 'ordinandas
841 1310 845 1324 .

43 1320 215 1379 bibliothecas
227 1325 409 1390 delegaverat,
420 1325 504 1376 misit.

91 1396 173 1452 LVll.
192 1401 340 1450 Arurorum
355 1403 382 1448 et
395 1398 536 1464 equitandi
546 1399 736 1466 peritissimus,
748 1399 824 1453 labo·

42 1469 77 1520 ιιι
85 1472 155 1524 ultra
164 1475 249 1527 iidem
260 1472 366 1540 patiens
377 1479 445 1522 eret.
471 1471 503 1522 ln
514 1473 621 1540 agmine
630 1488 824 1542 nonnumquam

42 1557 118 1610 equo,
133 1549 247 1616 saepius
257 1545 371 1614 pedibus
382 1546 517 1610 anteibat,
537 1548 627 1614 capite
637 1547 757 1611 detecto,
777 1564 825 1600 seu

41 1617 82 1668 sol
93 1635 139 1671 sen
151 1622 243 1672 imber
263 1624 343 1678 esset.
380 1617 570 1686 Longissimas
590 1623 650 1673 vias
668 1622 826 1673 incredibili

42 1691 173 1747 eeleritate
184 1691 318 1756 coniecit,
334 1693 489 1759 expeditus,
504 1695 646 1746 meritoria
656 1693 753 1759 rheda,
765 1711 825 1748 cen-

41 1767 100 1816 tena
110 1783 241 1834 passuum
253 1766 341 1818 millia
350 1767 379 1816 iu
390 1767 513 1834 singulos
524 1769 594 1820 dies:
610 1770 635 1820 si
645 1767 758 1820 flumina
767 1784 825 1822 mo-

41 1847 172 1906 rarentur,·
187 1840 281 1893 nando
292 1841 445 1903 traiidens,
460 1842 624 1894 velinnixus
638 1843 742 1895 inflatis
758 1843 825 1894 utri·

42 1911 98 1975 bus,
109 1922 139 1965 nt
147 1932 230 1982 saepe
241 1915 357 1966 nuncios
368 1913 401 1964 de
412 1929 441 1964 se
451 1918 629 1980 praevenerit.

94 1985 189 2040 LVlll.
210 1989 241 2040 ln
253 1987 385 2040 obeundis
396 1989 616 2054 expeditionibus
627 1990 752 2051 dubium,
764 2003 826 2040 cau·

44 2057 95 2109 tior
108 2076 142 2113 an
155 2063 311 2114 andentior.
349 2061 506 2114 Exercitum
524 2079 611 2130 neque
630 2079 678 2130 per
691 2062 827 2114 insidiosa

45 2130 137 2185 itinera
146 2137 225 2188 duxit
234 2151 366 2201 unquam,
377 2135 432 2188 nisi
441 2138 646 2204 perspeculatus
656 2136 779 2188 locorum
791 2138 826 2188 sl·

15 2207 20 2218 “
46 2209 96 2256 tus:
114 2224 201 2276 neque
210 2211 241 2261 in
250 2209 421 2260 Britanniam
431 2211 590 2274 transvexit,
601 2210 657 2260 nisi
667 2215 729 2261 ante
739 2225 827 2276 perse

48 2287 135 2341 portos
149 2291 176 2334 et
189 2283 392 2349 navigationem
407 2289 435 2334 et
449 2300 587 2336 accessum
602 2283 639 2334 ad
652 2283 770 2334 insulam
782 2299 827 2336 ex·

49 2350 184 2413 plorasset
222 2357 258 2406 rit
270 2355 355 2419 idem,
377 2356 536 2414 obsessione
552 2363 706 2408 castronrm
719 2358 748 2408 in
760 2357 826 2409 Ger·

50 2429 132 2478 menie
141 2431 273 2481 nunciata
277 2445 345 2496 ‚per
355 2430 488 2483 stationes
498 2430 616 2482 hostium
630 2430 738 2482 Gallico
749 2430 826 2481 habi·
862 2467 865 2471 -

51 2503 76 2546 tu
93 2504 242 2566 penetravit
262 2503 298 2552 ad
312 2517 385 2553 suos.
423 2504 608 2556 ABruudisio
624 2503 827 2572 Dyrrhachium
871 2505 874 2510 '
911 2539 918 2548 ..

51 2567 112 2624 luter
125 2577 268 2644 oppositas
284 2575 384 2627 classes
395 2573 482 2630 hieme
492 2579 652 2630 transmisit.
692 2575 828 2628 Cessanti
895 2647 902 2660 ἢ
