1964 2970
198 88 328 184 rubrus
352 125 507 175 cnasna.
542 129 620 176 cnr.
639 131 754 178 rr-rr.
841 127 875 183 oo

74 271 131 324 quc
143 255 249 318 eius,ut
259 256 286 302 et
295 249 398 300 abinus
409 247 597 304 dominatione
608 256 636 302 et
643 252 703 304 inre
713 260 808 306 caesus
817 251 874 306 exi-

73 331 216 381 stimetur.
254 323 317 376 Non
332 322 405 374 enlm
418 320 537 376 honores
551 325 635 376 modo
649 326 750 378 nimios
760 329 873 395 recapit,

72 410 107 454 ut
129 403 290 454 continuum
311 396 497 462 consulatum,
517 405 678 465 perpetuam
698 399 872 469 dictaturam,

74 475 336 545 praefecturamque
350 485 470 534 morum,
490 472 603 538 insuper
612 467 872 543 praenomenimpe·
954 535 955 538 Ἰ

74 551 197 613 tatoris,
219 559 371 614 cognomen
380 544 468 610 patris
477 546 598 612 patriae,
619 552 738 598 statuam
749 549 872 602 inte'rre·

73 639 138 692 ges,
155 628 317 690 suggestum·
327 619 357 668 in
373 615 526 681 orchestra3
546 618 594 670 sed
604 626 632 689 et
643 621 779 688 ampliora
789 623 873 674 etiam

74 697 199 749 humano
214 694 329 760 fastigio
344 691 454 742 decerni
468 690 523 744 sibi
535 707 634 759 passus
649 700 702 759 est,
721 695 814 748 sedem
825 712 872 746 au-

72 787 155 824 ream
168 771 199 822 in
208 769 291 842 curia
305 773 333 818 et
344 781 396 833 pro
410 765 556 831 tribunali,
576 772 682 819 tensam
697 775 726 820 et
738 768 872 822 ferculum

73 844 203 897 circensi
212 855 326 910 pompa,
337 837 452 906 tempu,
464 853 539 904 aras,
550 841 698 894 simulacra
706 843 785 895 iuxta
796 843 871 908 deos,

74 919 215 988 pulvinar,
226 915 373 977 flaminem,
383 911 535 979 Lupercos,
547 915 759 982 appellationem
769 920 871 970 mensis
862 928 905 991 g,

2 1012 14 1053 Ἴ·
76 1009 156 1045 esuo
167 989 288 1042 nomine.
326 988 366 1038 Aa
379 986 472 1038 nullos
485 1003 541 1038 non
551 985 671 1041 honores
682 990 718 1041 ad
728 991 871 1044 libidinem
888 993 890 1000 '

75 1067 150 1135 cepit
160 1071 189 1117 et
198 1063 283 1116 dedit.
321 1061 445 1114 Tertium
464 1065 492 1112 et
509 1063 635 1128 quartum
651 1065 824 1133 consulatum
837 1066 872 1116 n·-

2 1139 4 1144 ’
75 1141 135 1192 tulo
145 1139 227 1191 tenus
237 1136 330 1204 gessit,
343 1139 487 1186 contentus
497 1135 651 1188 dictaturae
661 1142 810 1204 potestate,
826 1138 872 1190 de·

77 1220 168 1266 cretae
184 1227 245 1264 cum
261 1209 452 1261 consulatibus
464 1208 558 1260 sirnul:
579 1215 661 1276 atque
670 1216 788 1278 utroque
799 1225 870 1263 anno

75 1289 157 1339 binos
179 1283 306 1355 consules
325 1282 469 1334 substituit
484 1282 540 1334 sibi
553 1283 583 1334 ln
596 1289 690 1335 ternos
704 1285 871 1338 novissimos
951 1305 954 1310 ·

74 1376 196 1422 mensem
215 1360 257 1410 ita
270 1363 302 1408 nt
315 1356 407 1408 medio
419 1361 545 1423 tempore
560 1357 673 1410 comitia
683 1357 760 1409 nulla
769 1357 870 1412 habue-

75 1437 134 1500 rit}
146 1439 258 1502 praeter
271 1431 445 1482 tribunorum
460 1437 488 1482 et
501 1429 743 1498 aediliumplobis3
762 1434 870 1500 praeie-

5 1516 8 1525 '
76 1515 191 1576 ctoaque
198 1521 253 1574 pro
267 1505 442 1573 praetoribus
457 1504 643 1569 constituerit,
664 1507 713 1573 qui
726 1512 877 1574 praesente

70 1579 520 1636 sereaurbanasadministarent.
558 1577 652 1632 Pridie
667 1586 757 1633 autem
767 1580 868 1634 Kalen·
937 1641 942 1654 ι

76 1657 127 1709 das
143 1655 290 1708 lanuarias
309 1652 452 1720 repentina
471 1652 592 1704 consulis
610 1659 699 1706 morte
719 1661 870 1706 cessantem

74 1729 209 1784 honorem
222 1724 370 1795 in'paucas
384 1723 468 1777 horas
481 1727 585 1793 petenti
594 1726 679 1779 dedit.
717 1728 869 1780 Eadcm‘li·

75 1805 175 1868 confla,
187 1808 280 1870 spreto
292 1801 384 1870 patric
395 1814 479 1863 more,
491 1801 668 1868 magistratus
678 1802 707 1853 in
718 1801 811 1870 plures
822 1815 868 1853 an-

73 1877 290 1944 nosrordinaritr
311 1873 403 1926 decem
418 1875 566 1941 praetoriis
576 1876 644 1928 viris
655 1875 814 1928 consularia
824 1887 868 1927 cr·

74 1957 205 2005 ramenta
213 1949 324 2002 tribuit:
345 1948 456 1999 civitate
467 1947 586 2000 donatos
614 1956 643 2001 et
656 1949 790 2016 quosdam
801 1964 817 2000 e
827 1964 882 2002 se·¹

74 2025 241 2078 mibarbaris
252 2021 397 2074 Gallorum
417 2022 682 2088 recepitincun'am.
721 2021 868 2076 Praeterea

75 2105 202 2152 monetae
216 2097 394 2166 publicisque
403 2095 585 2162 vectigalibus
599 2095 753 2164 pemrliares
773 2111 885 2149 servos·

75 2173 245 2241 praeposuit.
284 2170 380 2222 Trium
390 2169 623 2236 legionum,quas
633 2169 815 2223 Alexandriae
825 2187 867 2224 re·

75 2247 229 2316 linquebat,
250 2259 344 2296 curam
357 2247 385 2294 et
402 2243 547 2310 imperium
560 2243 689 2310 Rusioni,
710 2243 804 2297 liberti
823 2246 868 2297 sui

76 2322 141 2385 lilio,
152 2335 206 2373 suo
217 2318 337 2382 exoleto,
349 2316 533 2368 demandavit.
690 2359 695 2363 .
791 2357 792 2360 ,

127 2391 269 2462 Lxxvu.
289 2391 347 2444 Nec
356 2391 471 2443 minoris
480 2391 660 2457 impotentiae
673 2406 755 2446 voces
765 2408 866 2462 propa·

75 2468 128 2520 lam
137 2468 250 2531 edebat,
270 2471 302 2516 ut
311 2466 345 2516 T.
356 2465 469 2532 Ampius
479 2465 588 2516 scribit:
608 2464 685 2518 Nihil
696 2483 750 2520 esre
763 2483 866 2534 remptr-

78 2542 179 2604 blr'cum,
200 2539 400 2608 appellativum
419 2539 503 2599 modo,
524 2538 580 2590 rinc
599 2551 707 2606 corpore
726 2557 758 2593 ac
772 2539 864 2606 specie.

78 2615 171 2671 &llam
181 2613 293 2670 nescim
302 2613 401 2678 literas,
414 2612 461 2680 qai
469 2610 630 2664 dictamum
640 2611 795 2680 deposuerit.
810 2611 865 2664 De·
