1964 2970
139 83 174 136 72
192 87 201 104 ‘
415 81 443 127 C.
470 80 655 128 SUETONH

139 207 262 274 tiemone
272 201 480 270 auspicantibus
493 216 550 254 non
563 201 732 253 tribunatum
746 202 828 254 modo
842 203 927 270 legio-

139 294 217 342 num,
237 277 285 329 sed
300 282 329 328 et
342 274 528 342 praefecturas
543 275 649 326 alanmr
665 275 752 326 dedite
772 290 805 328 ec
819 277 927 343 nequis

139 367 236 420 expers
246 357 399 404 castrorum
410 354 494 412 esset,
513 349 594 402 binos
604 349 763 416 plenumque
773 349 930 402 laticlavios

138 425 299 493 praeposuit
312 423 427 490 singolis
442 423 503 473 alis.
541 422 672 489 Equitem
686 428 791 474 bumas
804 423 929 491 frequen·

137 507 181 552 ter
190 498 362 566 recognovit,
377 503 442 564 post
451 497 563 562 longam
572 497 803 564 intercapedinem
813 497 927 548 reducto

137 571 443 632 moretransvectionis.
483 569 537 623 Sed
550 585 637 638 neque
647 568 756 626 detrahi
765 585 928 638 quemquam

60 673 67 699 r
136 649 167 700 in
176 644 376 700 transvehendo
393 645 427 706 nb
442 651 603 697 accusatore
613 659 711 712 pessus
722 650 771 708 est,
783 645 857 712 quod
867 643 929 694 fieri

136 721 258 782 solebet3
279 726 306 771 et
316 720 392 771 senio
403 717 446 770 rel
457 717 552 785 aliqua
563 719 688 785 corporis
697 718 760 769 labe
769 718 929 785 insignibus

136 795 273 864 permisit,
294 786 445 859 praemisso
456 793 486 844 in
496 792 593 844 ordine
607 806 691 858 equo,
712 791 748 842 ad
762 791 929 858 responden-

137 870 214 932 dum,
235 868 342 934 quoties
358 867 519 926 citarentur,
540 865 772 933 pedibusvenire:
793 879 857 916 mox
866 865 930 916 red·

136 942 220 994 dendi
234 941 298 1008 equi
311 941 429 1008 gratimu
442 939 510 991 iecit
522 940 576 1001 eis,
596 938 644 1004 qui
657 938 777 990 nlaiores
791 951 931 990 annorum

135 1017 256 1084 quinque
266 1021 293 1067 et
302 1016 417 1082 viginta
426 1013 543 1065 retinere
552 1027 613 1064 erim
624 1010 737 1062 nollent.

190 1089 319 1142 XXXIX.
338 1087 547 1155 impetratisque
561 1100 579 1136 e
593 1091 690 1136 senatu
709 1081 930 1138 decem‘adiuto·

134 1166 441 1230 ribus,unumquemque
451 1161 573 1228 equitum
583 1159 718 1210 rationem
728 1158 802 1210 vitae
812 1157 931 1212 reddere

136 1239 238 1304 coegit:
260 1243 341 1304 etque
351 1250 385 1288 ex
395 1235 558 1302 improbatis
569 1233 640 1284 alios
650 1248 753 1300 poena,
765 1231 836 1284 alios
846 1233 930 1299 igno·

134 1311 220 1362 minis
230 1303 350 1362 notavit:
369 1310 462 1378 plures
473 1308 673 1372 admonitione,
689 1307 737 1358 sed
747 1307 834 1358 varia.
874 1306 930 1359 Le-

134 1383 277 1434 uissimum
296 1399 381 1451 genus
402 1383 600 1435 admonitionis
619 1381 673 1434 fuit
694 1381 809 1432 traditio
830 1394 930 1432 coram

38 1505 40 1512 ,
134 1455 325 1524 pugillarium,
347 1472 417 1524 quos
430 1457 511 1510 taciti
525 1462 552 1508 et
565 1457 668 1508 ibidem
682 1457 775 1506 statim
794 1455 930 1521 legerent.

134 1529 301 1595 Notavitque
312 1530 434 1596 aliquos,
449 1530 524 1596 quod
533 1530 663 1596 pecunias
674 1529 823 1580 levioribus
834 1530 932 1580 usuris

134 1603 253 1654 munau
261 1603 390 1668 graviore
399 1602 494 1654 fenore
506 1602 696 1653 collocassent.
742 1623 744 1633 ι

189 1673 250 1726 XL.
271 1673 398 1726 Comitiis
411 1674 580 1738 tribuniciis,
601 1675 626 1724 si
640 1673 765 1724 deessent
784 1673 935 1728 candidati

134 1739 289 1813 senatores,
309 1762 343 1799 ex
357 1748 495 1814 equitibus
505 1747 637 1798 Romanis
648 1747 763 1796 crearit:
782 1747 824 1796 ita
834 1755 868 1798 ut
878 1766 932 1818 po-

132 1829 232 1876 testate
248 1828 390 1874 transacta
407 1821 437 1873 in
456 1828 519 1872 utro
539 1820 640 1873 vellent
659 1819 756 1871 ordine
775 1830 931 1875 manerent.

134 1898 225 1960 Quum
236 1902 326 1948 sutem
340 1896 464 1963 plerique
478 1895 611 1962 equitnm,
633 1893 728 1946 attrito
743 1893 823 1946 bellis
837 1897 935 1950 civili·

133 1971 184 2024 bus
195 1971 377 2039 patrimonio,
397 1975 523 2038 spectare
532 1967 614 2019 ludos
624 1983 640 2020 e
650 1969 860 2036 quatuordecim
871 1985 934 2025 non

127 2046 275 2110 'auderent
284 2051 359 2096 nictu
368 2059 474 2112 poenae
482 2041 640 2108 theatralis3
657 2044 860 2110 pronunciavit,
872 2061 936 2099 non

95 2135 97 2140 ’
111 2177 113 2182 ,
132 2121 222 2172 teneri
232 2123 277 2184 ed,
298 2119 397 2186 quibus
411 2118 479 2186 ipsis
490 2117 683 2184 parentibusue
694 2123 819 2186 equester
829 2133 936 2172 census

132 2207 254 2260 unquam
268 2193 374 2250 lusisset.
411 2192 530 2244 Romani
547 2191 645 2258 populi
658 2207 799 2244 recensum
813 2192 934 2244 vicatim

101 2279 109 2316 τ
134 2268 203 2334 egit:
224 2282 257 2320 ae
269 2283 304 2320 ne
317 2267 395 2336 plebs
408 2265 651 2320 frumentationum
662 2281 747 2318 causa
756 2263 936 2332 frequentius

133 2355 152 2390 a
169 2341 290 2407 negotiis
310 2346 485 2406 avocaretur,
503 2345 547 2394 ter
566 2341 596 2392 in
616 2355 716 2392 annum
731 2345 937 2408 quaternorum

40 2434 43 2444 =
132 2415 266 2469 mensium
284 2419 403 2468 tesseras
422 2416 488 2468 dere
507 2415 666 2468 destinavit:
691 2414 740 2467 sed
759 2413 938 2468 desideranti

134 2488 358 2541 consuetudinem
368 2495 487 2543 veterem
497 2489 635 2541 concessit
643 2487 831 2551 nusus‚ntsui
836 2489 937 2540 enirm.

133 2577 186 2634 qut
199 2563 301 2618 mensis
316 2565 462 2633 acciperet.
502 2563 685 2618 comitiorum
704 2575 814 2631 quoque
832 2563 937 2628 prieti.
