1986 2960
136 131 183 181 182
412 131 438 178 0.
465 129 646 194 suurouu

134 259 323 321 conportent,
344 268 427 306 carun
437 251 573 304 caderent.
612 250 664 304 cui
676 251 856 304 instrumento
868 251 927 304 dis-

134 326 267 380 trahendo
279 327 347 379 nibil
358 343 413 379 nou
423 326 528 380 fraudis
540 341 573 376 ac
583 325 713 377 lenocinii
724 323 858 389 adhibuit,
864 341 927 380 rno-

136 401 171 454 do
184 403 316 454 avaritiae
328 401 451 468 singulos
461 401 613 468 increpans,
625 405 664 464 et,
675 399 745 466 quod
753 415 805 450 ooo
809 399 928 465 puderet

134 491 176 528 eor
190 475 367 542 locupletiores
386 489 450 536 em,
472 487 550 540 quam
563 487 607 534 εις
625 471 708 525 modo
723 473 925 539 poenitentiam

134 549 279 613 simulans,
300 548 373 616 quod
383 545 576 615 principalium
585 561 674 597 rerum
684 546 800 613 privatis
811 546 925 614 copiam

133 622 244 676 iaceret.
284 623 470 689 compererat,
490 619 686 686 provincialem
697 617 860 686 locupletem
871 617 923 672 dn·

133 702 213 750 centa
222 698 348 748 sestertia
357 693 712 758 numerassevocatoribus,
731 698 764 744 ut
777 708 826 761 per
839 691 922 744 falla-

133 771 204 822 ciam
224 769 348 822 convivio
368 769 598 834 interponeretur,
617 781 668 818 nec
680 766 783 818 tulerat
794 766 922 832 moleste,

91 886 96 892 .
117 849 187 908 ,tam
201 857 300 909 magno
317 842 457 893 aestimari
471 839 602 892 honorem
617 855 718 892 coenae
732 853 807 891 suae.
844 839 923 892 Huic

131 923 242 984 postero
253 916 297 967 die
308 915 413 968 sedenti
422 915 451 965 in
462 915 588 966 auctione
598 913 681 977 misit,
692 914 739 982 qni
747 913 840 965 nascio
852 913 921 981 quid

131 989 226 1042 frivoli
236 989 358 1041 ducentis
367 989 489 1040 millibus
498 988 632 1052 traderet,
647 987 814 1056 diceretque,
825 1001 920 1039 coeno·

131 1072 219 1116 turum
230 1063 300 1131 opud
310 1062 447 1114 Caesarem
456 1070 549 1114 nocete
559 1060 648 1128 ἱρήια.

185 1137 247 1190 XL:
266 1135 422 1204 Vectigalia
430 1151 502 1187 nova
513 1134 922 1204 atqueinaudlta,pr1mumper

132 1211 307 1280 publicanos,
328 1209 438 1275 deinde,
463 1210 529 1277 quia
548 1209 652 1260 lucrum
671 1208 850 1272 exuberabat,
869 1223 922 1275 per

133 1285 494 1351 centuriones-tribunosque
503 1283 695 1350 praetorianos
706 1282 839 1344 exermrit;
858 1281 921 1333 nul-
984 1321 985 1330 ,

132 1359 160 1410 lo
171 1374 260 1412 rerum
268 1365 320 1410 'urit
328 1357 467 1412 hominnm
477 1372 574 1426 genere
586 1357 696 1420 omisso,
704 1355 812 1412 cuinon
822 1353 924 1408 tributi

133 1431 238 1498 aliquid
247 1432 407 1499 imponeret.
445 1431 500 1483 Pro
511 1430 623 1494 eduliis,
643 1445 713 1498 quae
722 1435 783 1481 tota
793 1429 865 1482 Urbe
874 1443 922 1481 ve-

131 1506 234 1569 nirent,
255 1511 358 1558 certum
373 1511 556 1572 statutumque
571 1504 743 1572 exigebatur:
762 1517 812 1570 pro
823 1501 922 1554 litibus

133 1595 167 1630 ac
174 1577 294 1643 iudiciis,
304 1579 459 1646 ubicunque
470 1579 616 1646 conceptis,
627 1577 837 1645 quadragesima
846 1591 921 1628 urm-
983 1575 984 1578 ’

132 1667 202 1717 mae,
214 1651 247 1703 de
257 1666 312 1718 qua
321 1652 488 1720 litigaretur3
502 1663 553 1704 nec
561 1653 620 1703 siue
629 1665 727 1718 poena,
739 1651 835 1718 siquis
845 1664 920 1702 eom-

132 1726 258 1796 posuisse
267 1725 312 1777 vel
322 1725 439 1777 donasse
446 1727 587 1792 negotium
598 1725 815 1776 convincereturs
829 1737 863 1774 ex
872 1737 920 1789 ge-

131 1800 255 1854 rulorum
266 1798 370 1850 diurnis
381 1799 540 1867 quaestibus
550 1814 613 1866 pars
624 1804 734 1862 octava,
754 1812 787 1849 ex
798 1798 921 1864 capturis

131 1874 354 1944 prostitutarum,
369 1879 499 1941 qnantum
509 1869 632 1940 quaeque
641 1887 696 1924 uno
709 1871 856 1930 concubitu
864 1885 921 1922 me·

131 1954 213 2002 reret.
250 1947 920 2015 Additamqueadeaputlegismttenerenturpu·

131 2023 219 2088 blico,
239 2027 267 2074 et
276 2037 346 2089 quae
355 2023 552 2084 meretricium,
570 2027 598 2072 et
607 2021 656 2088 qui
664 2019 830 2071 lenocinium
839 2017 921 2070 fecia-

133 2101 206 2159 aent3
225 2111 276 2148 nec
285 2110 340 2148 non
351 2101 379 2148 et
387 2095 564 2148 matrimonia
574 2093 696 2146 obnoxia
706 2097 805 2146 essent.
867 2111 871 2118 ¹
983 2151 984 2162 χ

105 2173 107 2178 “
187 2169 262 2222 XLI.
281 2167 616 2234 Eiusmodiveetigalibus
625 2167 924 2234 indictis,nequcpro·

132 2243 240 2312 positis,
248 2258 329 2311 quum
339 2259 388 2311 per
397 2241 582 2310 ignorantiam
592 2241 743 2308 scriptruae
753 2239 840 2292 multa
848 2253 924 2290 com·
983 2281 984 2310 ,

132 2318 218 2370 missa
231 2317 338 2382 fierent,
362 2317 471 2369 tandem
490 2315 631 2381 flagitante
651 2314 754 2382 populo
775 2313 925 2382 proposuit
983 2313 984 2320 ’

132 2389 241 2458 quidem
251 2389 351 2456 legem,
371 2390 457 2442 sedet
469 2389 660 2440 minutissimis
673 2387 774 2453 literis,
795 2393 823 2439 et
837 2400 924 2453 angu-

131 2463 252 2515 stissimo
268 2461 345 2526 loco,
365 2465 454 2515 utine
470 2463 515 2514 cui
530 2462 682 2514 describere
696 2459 800 2513 liceret.
838 2459 877 2510 Ac
887 2471 923 2511 na

132 2535 206 2604 quod
216 2550 271 2586 non
281 2537 469 2588 manubiarum
479 2551 563 2603 genus
574 2537 754 2602 experiretur,
766 2531 924 2602 lupanario

130 2607 241 2662 Palatio
253 2609 405 2661 constituit:
417 2609 606 2679 distinctisque
616 2614 643 2661 et
652 2609 794 2661 instructis
803 2621 854 2676 pro
865 2605 924 2660 loci
