1986 2960
144 82 194 134 154
417 85 444 130 C.
471 82 659 132 SUETONII

145 221 224 274 quern
238 219 272 256 ex
291 205 487 258 eonsuetudIne
506 219 590 256 mann
608 218 659 255 sua
678 203 832 274 cibaturus,
853 221 938 275 quum

144 285 334 348 consumptrun
345 295 363 330 a
376 279 500 330 formicis
514 278 675 342 invenisset,
695 279 816 330 monitus
831 289 885 345 est,
906 291 938 334 nt

141 354 197 405 vim
220 347 414 406 multitudinis
428 357 544 404 caveret.
586 351 704 402 Rediens
727 365 793 420 ergo
818 367 935 422 propere

143 427 329 493 Campaniam,
335 417 449 478 Asnrrae
459 427 489 476 In
497 425 658 492 languorem
667 425 778 475 incidit:
790 441 846 493 quo
856 429 934 494 paul-

141 499 196 550 lum
207 501 324 564 leratus,
341 501 463 552 Circeios
477 499 621 566 pertendit.
659 498 699 548 Ae
707 513 741 550 ne
752 513 835 565 quem
845 503 933 570 suspi-

141 575 246 625 cionem
257 575 425 625 infirmitatis
436 573 526 636 daret,
543 571 727 624 castrensibus
742 571 815 623 ludis
825 587 881 626 non
891 577 931 628 in·

139 646 235 698 teriuit
249 644 350 711 solum,
371 647 517 698 sedetiam
532 646 645 697 missum
659 646 688 696 in
703 660 814 698 arenam
835 662 931 714 aprum

138 721 238 772 iaculis
249 721 365 787 desuper
374 720 466 788 petiit:
486 719 634 788 statimque
644 718 730 784 latere
741 720 882 786 convulso,
894 729 929 786 et,

138 800 169 845 ut
183 799 370 857 exaestuaret,
392 791 500 844 efflabis
515 807 595 858 aura,
615 794 645 844 in
659 787 813 860 graiium
832 796 930 847 recidit

138 867 271 918 morbum.
311 866 480 920 sustentavit
496 873 588 918 tamen
602 866 784 936 aliquamdiu,
805 869 928 935 quamvis

136 939 271 992 Misenum
286 956 373 1009 usque
387 941 515 993 devectus
528 939 598 992 nihil
611 955 645 992 ex
659 941 756 993 ordine
765 942 927 1010 quotidiano

136 1015 376 1082 praetermitteret,
391 1031 425 1067 ne
436 1016 562 1067 convivia
573 1015 682 1082 quidem
693 1030 726 1066 ae
737 1021 839 1067 ceteras
848 1015 927 1080 volu·

135 1095 233 1154 ptates,
244 1089 344 1156 partim
355 1089 574 1156 intemperantia,
585 1089 686 1155 partim
697 1087 926 1142 dissimulatione.

135 1161 205 1212 Nam
212 1161 363 1215 Chariclem
373 1163 517 1226 medicum,
524 1163 597 1230 quod
609 1169 763 1216 commeatu
773 1162 925 1228 abluturus,

134 1250 149 1285 e
164 1236 289 1288 convivIo
305 1237 460 1304 egrediens,
481 1252 592 1288 manum
610 1237 665 1289 sibi
683 1236 828 1290 osculandi
842 1252 926 1290 causa

134 1307 369 1376 apprehendisset,
390 1311 551 1362 existimans
560 1316 679 1362 tentatas
690 1311 725 1362 ab
736 1325 769 1363 eo
780 1325 872 1375 venas,
883 1326 925 1362 re·

132 1396 242 1434 manere
253 1398 286 1434 ae
294 1386 451 1437 recumbere
466 1384 592 1436 hortatus
606 1390 660 1449 est,
681 1399 848 1452 coenamque
861 1400 925 1453 pro·

132 1456 226 1505 traxit.
265 1455 322 1508 Nec
332 1459 465 1512 abstinuit
476 1458 684 1522 consuetudine,
706 1460 772 1526 quin
781 1464 847 1511 tunc
858 1474 925 1526 quo-

133 1545 185 1596 que
194 1530 301 1581 instans
311 1532 340 1582 in
351 1532 441 1585 medio
452 1533 585 1598 triclinio,
597 1538 705 1585 astante
714 1533 821 1598 lictore,
832 1533 924 1601 singu·

131 1601 174 1654 los
184 1602 276 1654 valere
286 1604 406 1656 diceutes
417 1607 578 1674 appellaret.
974 1619 975 1624 ’

186 1673 312 1728 LXXIII.
332 1677 443 1730 Interim
458 1695 541 1747 quum
555 1680 585 1730 in
600 1679 668 1740 actis
679 1684 791 1729 senatus
802 1679 924 1745 legisset,

130 1749 249 1802 dinsissos
259 1767 290 1802 ae
301 1768 333 1802 nc
342 1752 446 1804 auditos
456 1753 559 1822 quidem
569 1749 767 1818 quosdam'reos,
779 1750 812 1801 de
823 1753 925 1817 quibus

129 1825 244 1876 strictim
250 1863 258 1889 ,
279 1832 307 1877 et
325 1824 395 1876 nibil
414 1826 491 1877 alitrd
511 1839 592 1893 qnam
606 1823 763 1876 nominatos
782 1823 817 1876 ab
830 1823 925 1880 indica

129 1901 290 1966 scripserat3
310 1914 361 1967 pro
376 1905 531 1966 contempto
547 1913 576 1949 se
590 1895 714 1948 habitum
729 1897 859 1964 fremens,
879 1915 923 1952 re-

129 1979 220 2039 petere
231 1974 351 2042 Capreas
362 1988 473 2042 quoquo
484 1971 567 2024 modo
579 1970 739 2036 destinavit,
754 1987 810 2023 non
819 1978 923 2026 temere

129 2048 275 2114 qrriequam
289 2048 344 2098 nisi
358 2063 391 2098 ex
404 2053 465 2099 tuto
482 2059 608 2096 ausurus.
647 2043 702 2096 Sed
716 2050 743 2096 et
752 2049 923 2110 tempestati·
972 2049 973 2071 ¹

127 2121 179 2171 bus
190 2128 217 2172 et
226 2122 430 2188 ingravescente
443 2121 472 2171 vi
485 2118 577 2171 morbi
590 2123 725 2183 retentus,
745 2117 840 2186 paullo
855 2127 924 2186 post

128 2194 488 2257 obiitinvillaanullann‚
511 2197 609 2245 octavo
625 2198 652 2244 et
662 2193 863 2262 septuagesimo
875 2209 922 2247 ae·
971 2211 972 2275 p

125 2268 192 2318 tatis
203 2269 371 2332 anno,tertio
383 2275 410 2320 et
418 2268 549 2320 vicesimo
559 2268 678 2337 imperii,
684 2269 800 2336 septimo
812 2267 920 2323 denno

125 2339 265 2392 Kalendas
275 2343 389 2410 Aprilis,
406 2343 455 2394 Cn.
466 2341 616 2395 Acerronio
627 2341 762 2408 Proculo,
774 2343 805 2394 G.
815 2341 920 2396 PontIo

125 2413 241 2479 Nigrino
254 2417 422 2468 consulibus.
461 2415 531 2470 Sunt
541 2419 589 2486 qni
599 2423 705 2486 putent,
721 2433 853 2469 venenum
864 2417 891 2468 ei
902 2432 920 2469 a

126 2486 194 2537 Caio
206 2486 299 2538 datum
310 2489 413 2541 lentum
430 2495 512 2561 atque
526 2494 679 2546 tabificum:
700 2492 762 2556 alii,
777 2492 806 2542 in
820 2491 917 2543 remis·

124 2561 201 2614 sione
219 2558 352 2614 fortuitae
370 2562 456 2617 lebria
475 2567 566 2620 cibum
586 2566 755 2620 desideranti
772 2571 916 2636 negatum:
