1964 2970
242 163 503 212 ocrnvinuus.
533 165 609 213 cAP.
629 166 727 211 8-11.
848 165 881 216 53

87 284 149 334 tuit.
189 283 285 336 Ludos
301 292 392 336 autem
406 285 540 336 victoriae
552 285 678 336 Caesaris
688 301 744 338 non
755 287 880 339 audenti·

86 358 138 409 bus
148 356 253 422 facere,
276 360 376 427 quibus
391 359 529 425 obtigerat
541 359 571 408 id
584 374 695 422 mimus,
714 361 773 428 ipse
784 361 880 414 edidit.

85 431 122 482 Et
137 447 193 500 quo
209 434 380 484 constantius
395 439 485 484 cetera
500 447 610 500 quoque
624 440 830 501 exsequeretur,
851 437 881 486 in
940 461 949 469 .

14 505 15 508 ’
84 505 180 558 locum
189 507 294 558 tribuni
304 507 392 574 plebis
402 505 474 558 forte
484 507 622 573 demortui
632 506 807 558 candidatum
819 507 879 576 [pe-

84 580 211 649 titorem]
228 596 257 632 se
272 581 406 648 ostendit,
427 595 582 649 quanquam
598 581 744 647 patricius,
763 582 878 633 necdum

12 679 14 686 >
84 660 207 707 ιοιιιιιοι.
246 653 301 706 Sed
311 655 472 706 adversante
486 655 631 706 conatibus
640 655 698 706 suis
707 655 746 706 M.
757 655 877 708 Antonio

86 729 208 793 conssrle,
216 744 296 796 quem
304 729 349 779 vel
358 729 534 796 praecipuum
546 727 699 779 adiutorem
710 735 877 796 speraverat,

26 829 29 837 ν
85 815 158 852 eene
167 802 309 868 publicum
319 802 429 869 quidem
439 808 466 852 et
474 801 676 853 translaticium
686 804 730 854 ius
739 803 877 856 ullainrc

84 875 173 926 sibi'
151 891 211 926 sine
225 876 353 942 pactione
363 876 541 942 gravissimae
550 876 684 928 mercedis
691 877 876 964 impertiente,

84 949 122 1000 ad
136 949 285 1023 optimates
299 963 329 1000 se
344 949 597 1018 eontrrlit·q1ubus
612 965 674 1002 eam
688 951 806 1002 invisum
817 965 878 1002 sen·

84 1017 181 1086 tiebat,
192 1023 310 1074 miritae
320 1023 440 1092 quodi)
449 1023 578 1086 Brutum,
591 1025 731 1075 obsessum
742 1023 876 1087 Mutinae,

85 1096 230 1164 provincia
245 1111 262 1146 a
273 1095 390 1163 Caesare
405 1096 470 1148 data
485 1103 512 1148 et
522 1109 569 1165 per
579 1101 703 1148 senatum
715 1097 878 1148 confirmata

84 1169 221 1238 expellere
231 1171 316 1221 armis
325 1158 467 1222 niteretur.
506 1171 876 1237 Hortantibus-itaquenon-
964 1193 967 1196 ·

84 1244 181 1307 nullis,
201 1259 376 1311 percussores
391 1245 417 1296 ei
433 1245 607 1306 subornavit;
627 1259 661 1293 ac
673 1243 771 1296 fraude
782 1243 876 1312 depre-

84 1315 183 1381 bensa,
197 1318 349 1386 pericnlum
359 1320 477 1370 invicem
486 1323 622 1380 utetucus,
638 1323 782 1369 veteranos
794 1319 877 1370 simul

83 1393 112 1442 in
123 1407 204 1442 snum
213 1406 247 1442 ac
256 1393 425 1460 reipublicae
435 1391 582 1454 ciuilium,
602 1397 705 1459 quanta
721 1393 812 1460 potuit
821 1392 875 1444 lar-

83 1467 204 1534 gitione,
223 1467 370 1518 contraxit.
408 1465 556 1532 iussusque
567 1473 730 1533 comparato
742 1468 877 1519 exercitui

83 1555 134 1609 pro
145 1545 423 1608 praetcrcpraeesse,
431 1600 434 1604 ¹
443 1545 471 1590 et
483 1555 545 1590 cunt
554 1538 647 1592 Hirtio
658 1555 691 1591 ac
700 1539 805 1605 Pansa,
828 1541 876 1610 qui

84 1613 258 1666 consulatum
268 1613 573 1682 acceperant,D.Brutc
585 1614 754 1681 apaullons,
766 1615 875 1667 deman-

83 1689 178 1739 datum
192 1687 295 1739 bellurn
308 1690 392 1740 tertio
403 1705 494 1741 mense
505 1687 624 1740 coniecit
633 1688 740 1740 duobus
751 1687 875 1757 proeliis.

82 1761 182 1814 Priore
191 1761 325 1814 lutardus
335 1779 397 1814 eunt
406 1763 510 1831 fugisse
520 1763 629 1826 scribit,
650 1777 682 1814 ac
692 1764 751 1813 sine
761 1760 876 1830 paluda-

82 1842 186 1888 mento
182 1851 312 1904 equoque
322 1845 388 1904 post
399 1837 512 1888 biduum
523 1837 629 1888 demum
640 1836 813 1904 apparuisse.
834 1850 875 1886 se-

83 1909 179 1998 quenti
189 1910 257 1961 satis
268 1919 377 1972 constat
389 1927 446 1962 non
459 1911 542 1962 modo
554 1911 640 1974 ducis,
652 1910 699 1961 sed
711 1910 793 1960 etiarn
804 1908 876 1958 mili-

81 1986 119 2036 tis
138 1983 262 2034 stinctum
281 1999 405 2047 munere3
430 1991 512 2053 atque
530 1985 560 2035 in
579 1983 671 2036 media
689 1975 875 2046 dimicatione,

83 2055 233 2126 aquilifero
243 2057 375 2126 legionis
371 2073 438 2111 suae
448 2059 569 2134 graviter
578 2057 683 2120 saucio,
695 2055 816 2124 aquilam
827 2053 875 2106 hu-

82 2132 167 2184 meris
176 2131 294 2184 subiisse
304 2132 405 2201 diuque
413 2119 548 2200 portasse.

49 2246 55 2258 ,
138 2203 457 2276 allambensque
472 2205 604 2258 Hirtius
595 2219 625 2255 ιιι
640 2205 711 2266 acie,
731 2201 876 2272 Paucaque

80 2287 161 2348 post,
177 2293 212 2331 ex
221 2278 332 2350 vulnere
345 2282 493 2348 perissent,
507 2295 602 2331 rumor
610 2278 759 2342 increbuit,
780 2278 876 2329 ambos

82 2369 170 2422 opera
185 2354 246 2405 eius
262 2354 383 2420 occisos,
402 2362 446 2419 nt,
465 2355 585 2406 Antonio
604 2351 714 2420 fugato,
734 2351 877 2420 republica

83 2428 247 2480 consulibus
262 2427 374 2492 orbata,
395 2429 471 2480 solus
485 2429 576 2479 victor
584 2425 640 2478 tres
650 2427 785 2478 exercitus
797 2439 877 2477 occu·

12 2541 14 2552 ,
81 2509 171 2569 paret.
210 2499 319 2552 Pansae
329 2467 438 2570 quidem
450 2503 519 2554 adeo
531 2510 657 2569 suspecta
671 2499 825 2562 morstadt,
846 2503 878 2548 ut

83 2575 175 2643 Glyco
186 2575 310 2628 medicus
321 2577 529 2638 custoditione,
540 2576 620 2642 qussi
628 2584 761 2624 venenum
770 2568 878 2622 vulneri

81 2649 240 2703 indidisset.
265 2647 367 2701 Adlicit
376 2645 419 2700 his
425 2646 549 2718 lquilius
555 2645 648 2720 Niger,
660 2647 776 2699 alterum
787 2659 832 2696 οι
