1986 2960
248 121 451 168 CALIGULA.
487 121 562 168 cnr.
581 123 662 168 2-6.
802 120 851 174 159

57 246 134 298 enim
144 243 359 296 necessitudines
368 244 511 311 reliquas)
523 243 570 294 diu
580 249 735 308 cunctatus,
751 259 785 296 an
796 246 851 298 sibi

55 332 246 370 successorem
255 313 413 381 destinaret,
420 316 606 389 adoptandum
611 317 722 369 Tiberio
733 318 849 370 dederit:

56 393 100 445 sic
109 391 195 458 vulgo
205 390 376 455 favorabilis,
387 398 419 442 ut
427 391 540 457 plurimi
548 390 668 454 tradant,
681 393 788 458 quoties
799 393 849 444 ali·

56 481 113 533 quo
126 465 275 530 adveniret,
285 465 330 516 vel
339 465 451 516 sicunde
462 465 625 528 discederet,
636 477 702 531 prae
711 466 792 516 turba
803 481 848 518 oc·

55 539 225 591 sumentium
239 539 492 607 prosequentiumue
506 551 700 606 nonnunquam
718 553 778 590 eum
792 539 846 590 dis-

46 613 161 664 crimen
170 613 244 665 vitae
255 612 369 674 adiisse3
380 627 394 662 e
406 610 552 663 Germania
562 626 626 663 vero
637 616 701 678 post
711 627 845 679 compres-

55 701 116 738 sam
128 685 291 738 seditionem
300 685 446 737 revertenti
455 685 645 753 praetorianas
655 683 846 738 eohortesuni-

55 773 152 812 versas
161 758 298 826 prodiisse
309 759 431 822 obviam,
451 759 575 827 quamvis
584 759 794 824 pronunciatum
804 775 845 811 es-

55 838 111 898 set,
125 838 158 884 nt
167 833 237 884 durae
246 833 436 884 tantummodo
448 833 565 894 exirent3
584 831 681 900 populi
691 839 781 884 autem
790 833 844 885 Bo·

12 969 13 974 ¹
54 907 249 970 manisexum,
264 911 394 970 aetatem,
411 906 534 960 ordinem
548 917 654 958 omnem
664 921 750 974 nsque
760 907 796 965 ad
805 909 844 958 vi·

55 980 186 1042 cesimum
196 979 314 1048 lapidem
324 978 453 1032 effudisse
463 995 502 1032 se.

109 1052 146 1104 V.
165 1053 269 1104 Tamen
279 1052 360 1120 longe
370 1055 477 1106 maiora
487 1057 514 1105 ct
522 1052 643 1106 firmiora
654 1053 687 1104 de
697 1068 729 1106 eo
740 1054 845 1106 iudicia

12 1125 20 1152 ³
53 1129 183 1180 inmorte
198 1143 231 1178 ac
244 1133 309 1198 post
322 1132 436 1180 mortem
450 1128 588 1180 exstitere.
628 1127 689 1188 Quo
701 1125 843 1179 defunctus

55 1207 97 1253 est
107 1201 161 1265 die,
172 1200 296 1268 lapidata
306 1206 368 1252 sunt
378 1199 492 1268 templa,
512 1199 658 1253 subversae
669 1199 758 1251 Derim
769 1215 842 1265 arae,

54 1273 174 1326 Larasa
189 1274 350 1340 quibusdam
365 1273 515 1325 familiares
533 1275 562 1324 in
579 1273 718 1340 publicum
732 1275 842 1339 abiecti,

55 1354 152 1416 partum
163 1349 308 1414 coniugum
319 1347 446 1416 expositi.
480 1347 552 1408 Quin
563 1353 591 1399 et
599 1347 733 1398 barbaros
743 1346 842 1412 lerunt,

54 1423 154 1492 quibus
172 1422 343 1486 intestinum,
364 1421 517 1490 quibusque
531 1420 661 1472 adversus
675 1435 726 1472 nos
740 1422 842 1474 bellum

54 1502 138 1559 esset,
158 1495 233 1548 velut
241 1495 271 1546 in
281 1495 430 1548 domestico
442 1494 631 1561 communique
644 1509 768 1547 maerore
779 1510 842 1548 con-

54 1569 172 1622 sensisse
187 1567 223 1620 nd
233 1569 372 1621 inducias:
392 1568 502 1636 regulos
517 1567 650 1635 quosdam
664 1569 778 1620 barbam
793 1585 841 1637 po-

54 1644 151 1708 suisse,
162 1649 190 1694 et
198 1657 315 1696 uxorum
326 1644 418 1711 capita
426 1643 536 1707 rasisse,
543 1641 719 1694 adjudicium
729 1645 843 1694 maximi

54 1717 156 1769 luctus:
176 1731 270 1784 regum
281 1718 364 1770 etiam
374 1731 465 1786 regem
475 1722 503 1768 et
516 1717 712 1769 exercitatione
725 1716 843 1768 venandi

54 1797 83 1843 et
93 1791 220 1843 convictu
228 1790 413 1858 Megistanum
423 1791 595 1853 abstinuisse,
607 1790 681 1858 quod
692 1785 765 1857 apud
775 1788 841 1840 Par-

54 1863 118 1916 thos
127 1863 228 1914 iustitii
237 1865 325 1916 instar
335 1871 385 1918 est.

109 1936 156 1989 Vl.
176 1937 280 1990 Romae
290 1939 407 2006 quidem,
420 1953 502 2008 quum
512 1937 548 1988 ad
558 1934 784 2004 primemiamam
794 1951 841 1987 va·

54 2003 183 2064 letudinis
195 2013 312 2064 attonita
322 2019 350 2064 et
358 2018 463 2064 maesta
473 2011 570 2063 civitas
579 2015 721 2078 sequentes
726 2005 841 2061 nuncios

56 2086 239 2154 opperiretur,
260 2092 287 2138 et
296 2092 406 2154 repente
415 2087 472 2137 iam
484 2084 592 2152 vesperi
600 2083 712 2134 incertis
723 2083 841 2135 auctori·

12 2193 14 2202 ‚
55 2160 105 2210 bus
116 2158 286 2211 convaluisse
296 2160 406 2212 tandem
419 2158 644 2227 percrebruisset,
664 2157 766 2225 passim
781 2171 842 2212 eunt

55 2231 202 2284 luminibus
216 2239 244 2285 et
255 2233 374 2286 victmris
391 2234 421 2284 in
436 2231 602 2300 Capitolium
617 2245 777 2282 consensum
791 2237 841 2294 est,

56 2319 88 2358 ac
101 2321 187 2375 paene
201 2307 325 2359 reurlsae
343 2307 439 2375 templi
451 2307 537 2370 iores,
556 2320 590 2355 ne
611 2301 677 2370 quid
695 2304 842 2371 gestientes

55 2387 119 2432 vota
131 2378 245 2432 reddere
263 2385 444 2433 morarentur.
482 2377 697 2446 Expergeiaetus
715 2393 841 2436 esomno

57 2452 181 2506 Tiberius
201 2460 243 2506 est
258 2453 454 2523 gratulantium
472 2454 586 2505 vocibus
592 2489 604 2516 ,1
621 2458 703 2519 atque
721 2453 842 2521 undique
914 2453 917 2458 '

58 2528 263 2594 concinentium,
300 2522 307 2558 '-

92 2599 274 2673 Sdloossomm
284 2601 357 2657 siloa
362 2600 464 2671 patric,
475 2601 559 2654 adleta
570 2608 609 2654 est
620 2599 799 2654 Germdrsicus.
