1992 2962
184 161 193 184 ,
269 125 469 175 cenceros,
501 128 696 176 cens-11.
828 129 879 182 sor

13 241 16 274 ³
87 247 170 316 poesi
179 245 216 298 ed
228 245 346 314 poenam
359 255 502 318 raperetur
514 250 619 302 insons.
657 249 795 318 Receptus
804 253 879 306 blera
954 225 958 244 ’

85 321 275 386 vellendum
284 324 413 375 excubias
423 325 540 376 militum
549 326 728 391 pernoctavit,
735 325 879 393 eliquanto

86 397 194 450 minore
203 411 251 462 spe
262 411 343 465 quam
353 399 463 450 fiducia.
492 397 564 450 Nam
574 397 699 450 consules
710 413 771 450 cnm
781 407 879 453 senato

86 475 117 522 et
129 465 293 522 cohortibus
304 473 416 524 urbanis
426 472 516 524 lorum
528 473 750 540 Cspltolinmque
759 475 877 541 occupa·

85 549 162 608 rant,
174 547 306 596 asserturi
316 549 484 598 communem
493 547 661 599 libertatemr
682 547 839 614 accitusque
850 554 878 600 et

84 618 147 686 ipse
155 633 205 688 per
213 619 352 672 tribunum
362 620 450 688 plebis
460 622 599 672 brennam
610 621 645 671 ad
650 620 800 685 suadenda,
806 637 878 688 puae

84 691 255 757 riderentur,
269 693 298 744 ω’
309 709 336 746 se
346 695 533 747 etaeceteitcte
542 694 785 762 tenerirespondit.
822 694 876 747 Ve-

84 774 147 818 rum
157 767 269 836 postero
280 768 338 832 die,
359 774 387 820 et
401 775 497 820 senatu
512 770 638 835 segniore
651 770 680 820 in
694 769 876 836 exsequendis

85 841 245 904 conatibus,
256 856 305 909 per
313 841 434 894 taedium
445 858 478 894 ac
488 843 685 896 dissensionem
696 843 804 894 diversa
815 859 878 894 cem·

84 913 217 978 rendam,
238 915 459 980 etmultltudine',
481 931 551 984 quae
565 918 771 980 circumstabat,
791 921 875 968 unum

83 993 221 1040 rectorem
230 987 287 1040 iam
297 995 325 1042 et
333 991 495 1042 nominatim
505 996 680 1058 exposcente,
693 996 814 1042 armatos
824 1005 877 1058 pro

84 1062 221 1114 concione
234 1063 327 1115 iurare
341 1064 371 1115 in
384 1079 483 1116 nomen
497 1079 575 1116 suum
589 1079 687 1132 passus
700 1070 754 1126 cst3
774 1065 879 1134 premi?

83 1137 178 1204 sitque
190 1136 306 1204 singulis
321 1139 405 1206 quine
420 1139 491 1190 dena
503 1139 642 1200 sestertia,
661 1138 766 1206 primus
777 1131 884 1190 caesai

80 1225 145 1264 mm
156 1210 237 1262 iidem
247 1211 342 1262 militis
353 1213 435 1263 etiam
445 1212 567 1278 praemio
578 1212 753 1278 pignoratum

140 1283 189 1335 xl.
200 1284 318 1352 lmperio
328 1285 453 1337 stabilito
464 1283 534 1335 nibil
544 1285 683 1352 antiquius
695 1284 781 1348 duxlt,
793 1299 874 1352 quam

79 1358 113 1412 id
123 1357 252 1423 biddnns,
270 1373 325 1426 quo
336 1358 510 1412 demutando
520 1359 687 1426 reipublicae
701 1363 776 1410 statu
786 1357 875 1410 baesi-

80 1438 173 1487 tatum
183 1437 254 1497 eret,
269 1433 417 1486 memoriae
427 1433 554 1484 eximeret
593 1432 720 1484 Omnium
729 1433 823 1500 itaque
832 1432 874 1485 fa·
895 1487 901 1494 ,

81 1513 193 1561 dotum
208 1505 398 1576 dictorumque
411 1508 441 1558 in
455 1522 489 1559 eo
503 1507 611 1559 veniam
626 1512 654 1558 et
668 1506 835 1559 oblivionem
844 1508 875 1558 in

79 1586 244 1651 perpetuum
263 1583 355 1634 sanxit
374 1597 408 1633 ec
426 1581 577 1650 praestitit3
599 1581 718 1633 tribrmis
736 1580 820 1634 modo
841 1596 875 1632 ac

80 1655 291 1710 centurionibus
304 1655 401 1724 paneis
415 1672 430 1708 e
445 1656 650 1708 coniuratorum
663 1657 693 1706 in
709 1656 806 1707 Gaium
824 1670 873 1706 nu·

71 1743 160 1786 mero
169 1730 347 1797 interemptis,
353 1729 470 1798 exempli
479 1729 561 1781 sbnal
571 1745 663 1794 causo,
674 1737 701 1782 et
711 1729 785 1796 qnod
795 1744 874 1780 suam

79 1818 193 1874 quoque
208 1803 319 1857 caedem
330 1804 527 1874 depoposcisse
542 1810 716 1871 cognoverat.
755 1803 874 1854 conver·

78 1893 131 1932 sus
140 1875 204 1929 hine
215 1878 250 1929 ed
261 1879 353 1930 officie
362 1879 487 1946 pietatis,
507 1878 696 1930 iuslurnndum
710 1892 798 1946 neque
810 1891 874 1928 sane

78 1953 155 2006 ctlus
168 1953 223 2004 sibi
235 1967 324 2020 neque
337 1953 458 2005 crebrius
471 1953 603 2015 instituit,
624 1955 706 2017 quam
715 1965 766 2016 per
780 1949 873 2018 Augu·

77 2035 160 2082 stam.
199 2026 283 2080 delae
302 2026 400 2078 Liviae
420 2027 528 2078 divinos
547 2024 679 2088 honores,
703 2029 731 2074 ct
751 2024 874 2076 circensi

76 2115 185 2171 pompe
195 2115 303 2154 currum
318 2099 525 2169 elephantorum
533 2099 684 2166 Arrgostino
700 2097 817 2148 similem
827 2098 874 2150 dc·

76 2174 218 2228 cernenda
237 2175 356 2228 carcritr
379 2176 538 2242 parentibus
555 2173 669 2224 inleries
686 2170 825 2238 publices,
846 2176 874 2222 et

76 2247 136 2302 hob
146 2249 263 2316 amplius
272 2250 347 2317 patri
357 2249 498 2300 Circenses
508 2263 614 2300 annuos
623 2245 711 2298 natali
721 2245 778 2307 dle;
789 2244 873 2298 matri

77 2328 252 2390 carpentum,
268 2339 323 2391 quo
333 2339 383 2391 per
393 2323 501 2374 Circam
512 2322 668 2382 duceretur,
683 2326 712 2372 et
720 2330 873 2387 cognomen

76 2398 274 2465 augustaeae
284 2399 348 2449 slva
356 2403 519 2449 recusatum.
547 2397 588 2446 nd
598 2395 692 2446 fratris
702 2395 872 2457 memoriam,

74 2487 248 2540 peromnem
259 2472 431 2530 occasionem
443 2471 615 2532 celebratam,
622 2469 794 2521 comoediam
805 2483 872 2537 quo-

7 2573 13 2630 »,
75 2559 135 2614 qua
151 2545 284 2598 Graecam
298 2546 483 2613 Neapolitano
503 2545 650 2596 certaniine
662 2543 769 2607 docrdt,
791 2558 824 2593 ac
839 2541 873 2594 de

71 2621 217 2680 uuerde
229 2621 352 2678 iudicem
371 2620 524 2678 coronarit.
562 2617 604 2677 Ne
617 2617 743 2678 blaremn
762 2617 873 2693 quodem
