1964 2970
105 99 138 162 6'8
379 110 407 156 C.
432 107 622 156 SUETONH

106 247 159 300 que
178 245 258 284 sexus
278 227 420 298 prohibuit
432 231 518 282 ullum
532 237 694 283 nocturnum
710 233 899 302 spectaculum
934 219 939 232 ⁴

104 306 347 373 frequentatam
358 319 418 356 cum
430 305 523 372 aliquo
534 307 639 358 maiore
649 311 717 358 natu
726 308 897 375 propinquo-

103 395 174 432 rum.
213 379 380 447 Compitales
394 378 482 431 Lares
502 393 601 431 omaro
620 381 663 432 bis
683 381 713 432 in
728 395 799 432 auno
814 381 895 435 mati·

101 454 168 517 tuit,
188 454 278 505 vernis
292 452 406 505 floribus
421 459 449 504 et
463 454 583 518 aestivis.
621 453 781 505 hommum
801 469 818 504 a
838 455 895 512 dtis

101 527 303 578 immortalibus
318 525 449 578 honorem
463 529 612 579 memoriae
626 525 725 577 ducum
744 529 894 594 praestitit,

104 601 151 668 qui
164 601 308 667 imperium
322 601 420 668 populi
433 599 551 650 Romani
565 613 599 649 ex
613 600 727 652 miniano
742 603 894 656 maximum

102 674 294 726 reddidissent.
328 674 425 740 ltaque
435 679 463 724 et
473 687 557 740 opera
568 673 708 741 cuiusque,
719 677 895 730 manentibus

102 748 204 812 titulis,
220 748 353 798 restituit:
374 753 401 798 et
415 752 521 797 statuas
532 748 653 798 omnimo
666 747 827 816 triumplnli
836 752 895 802 effl-

103 822 190 889 gieio
204 826 321 887 utraque
330 819 386 872 iori
401 821 444 870 sui
457 821 567 887 porticu
581 821 732 886 dedicarit,
752 822 896 889 professus

85 954 88 959 ,
102 895 208 958 edicto,
219 901 391 945 commentum
400 893 429 944 is
436 909 476 957 se,
486 894 629 946 utiliorum
639 897 709 947 velut
718 897 754 947 od
763 901 896 965 sumptas·

104 977 130 1020 et
140 967 202 1035 apte,
214 967 275 1018 dum
283 967 391 1029 moeret,
403 977 432 1019 et
438 967 628 1034 insequentium
637 977 755 1022 aetatum
760 971 897 1039 principes

105 1041 274 1111 erigeretur
297 1047 317 1092 α’
334 1041 439 1094 mulus.
482 1041 609 1110 Pompeii
631 1059 740 1112 quoque
763 1050 895 1111 statuam,

105 1123 201 1170 contra
214 1115 318 1168 theatri
331 1116 389 1169 eius
404 1116 521 1181 remam,
541 1131 695 1170 moratores
709 1118 777 1170 lano
793 1134 896 1187 suppo-

105 1192 173 1254 suit,
187 1191 350 1242 translatam
360 1205 376 1241 e
387 1191 477 1253 ouria,
487 1190 516 1241 iu
527 1206 582 1258 qua
593 1192 622 1242 Ο.
635 1192 737 1244 caesar
747 1192 837 1244 fuam
847 1209 896 1247 oc·

105 1266 187 1316 clsus.

160 1337 274 1390 xxxii.
289 1336 424 1404 Pleraque
434 1339 546 1404 pessimi
555 1339 672 1406 exempli
683 1341 810 1404 correxit,
823 1355 898 1407 quaa

104 1414 136 1466 iu
143 1413 290 1480 perniciem
301 1413 452 1478 publicam,
464 1418 512 1464 aut
521 1427 554 1463 ex
565 1411 760 1466 cousuetudine
771 1414 898 1468 lieentia-

105 1501 158 1554 que
177 1485 312 1538 bellorum
333 1486 453 1536 cirillum
468 1486 643 1550 duraverant,
665 1495 713 1540 sut
730 1503 780 1556 per
798 1503 899 1555 pacem

105 1561 187 1612 etiam
198 1560 367 1611 exstiterant.
405 1559 476 1610 Nam
487 1567 514 1611 et
527 1567 714 1627 grassatorum
724 1562 836 1629 plurimi
846 1579 899 1631 pa.

103 1633 159 1684 lam
179 1649 208 1684 se
228 1631 352 1684 ferebant
371 1633 503 1684 succincti
521 1634 608 1698 ferro,
633 1637 713 1703 quasi
736 1636 832 1690 tuendi
851 1641 900 1691 sui

105 1721 202 1758 causa:
227 1712 254 1758 et
272 1707 346 1773 rapti
360 1722 409 1774 per
423 1721 505 1774 agros
518 1709 639 1761 viatores
654 1711 712 1762 siue
728 1711 897 1777 discrimine,

103 1781 185 1832 liberi
195 1781 328 1848 servique,
335 1783 479 1848 ergastulis
489 1797 677 1849 possessorum
688 1785 895 1852 supprimeban-

103 1862 160 1906 tur:
180 1861 208 1907 et
220 1854 354 1923 plurimae
369 1854 517 1918 factiones,
536 1857 617 1908 titulo
634 1857 745 1925 collegii
757 1860 835 1921 novi,
857 1857 898 1913 ad'
977 1867 978 1870 ’

103 1929 206 1981 nullius
225 1943 281 1980 nou
303 1927 436 1984 teuscus
458 1931 618 1982 societatem
643 1932 763 1984 coibant.
803 1932 896 2000 lgitur

104 2010 288 2070 grassatores,
310 2000 453 2070 dispositis
467 2020 516 2071 per
526 2013 682 2072 opportuna
686 2007 755 2069 loca
764 2005 894 2059 stationi·

103 2077 164 2140 bus,
174 2075 307 2139 inhibuit3
326 2078 650 2145 ergastulurecoguosdt;
671 2080 802 2146 collegia,
813 2095 895 2148 prae-

102 2156 146 2200 ter
160 2151 273 2218 antiqua
287 2156 316 2202 et
328 2151 464 2218 legitima,
484 2152 624 2215 dissolvit;
647 2153 757 2205 tabulas
770 2161 897 2209 veterum

104 2224 207 2274 aerarii
216 2224 382 2289 debitorum,
392 2225 440 2276 mel
453 2227 629 2292 praecipuam
640 2227 826 2280 calumniandi
834 2244 896 2280 nra·

102 2297 213 2360 teriam,
234 2299 350 2360 emussit3
370 2298 471 2354 lucain
481 2300 552 2350 Urbe
566 2301 677 2366 publica
689 2302 759 2353 iuris
770 2303 898 2370 ambigui

101 2372 308 2438 possessoribus
332 2373 509 2424 adiudicavit.
548 2372 895 2442 Diuturnorum‘reorum,

103 2449 131 2496 et
141 2457 173 2495 ex
184 2459 300 2512 qriorum
310 2447 438 2500 sordibus
447 2444 516 2498 nihil
526 2447 601 2500 aliud
613 2465 694 2516 quam
703 2449 831 2516 voluptas
839 2451 896 2503 ini-

102 2519 182 2569 micls
192 2525 378 2586 quaereretur,
389 2521 501 2572 nomina
512 2521 644 2586 abolevit,
660 2523 818 2581 conditione
828 2539 896 2592 pro-

103 2591 208 2657 posita,
223 2599 267 2655 ut,
286 2593 312 2643 sl
321 2608 399 2659 quem
410 2595 471 2662 quis
481 2601 602 2662 repetere
611 2597 707 2661 vellet,
727 2599 895 2666 perpetien-
