1964 2962
241 163 243 168 .
287 118 413 179 rrrus.
448 132 526 178 cnr.
545 131 643 178 s-so.
813 129 863 186 ιιι

6 273 7 276 “
73 255 152 306 Duos
161 252 273 321 patricii
283 252 391 319 gentis
402 252 543 304 convimos
552 253 582 304 ιιι
593 251 769 307 affectatione
778 255 864 323 impe·

71 329 117 390 rii,
127 325 197 376 nihil
208 325 325 392 emplius
336 339 418 393 quem
427 331 460 377 nt
469 325 630 378 desisterent
640 329 862 394 monuitdicens,

69 399 248 470 principatum
252 397 318 468 sato
329 397 402 448 darie
424 398 449 449 ιι·
458 398 666 466 qos'dpraetereo
676 399 861 465 desiderarent,

72 473 234 542 premittens
254 485 281 522 se
300 470 474 542 minuerem:
498 478 526 524 et
545 473 689 526 confestim
703 475 815 541 quidem
827 474 863 526 ad
903 492 906 501 ·

73 547 187 600 alterius
196 549 324 606 ornnem
345 557 416 611 qrrse
425 545 523 614 procul
533 547 639 612 oberat
661 561 786 600 cursores
796 564 863 601 snos

72 613 160 682 misit,
181 619 229 685 qul
243 618 341 669 anxiae
355 617 441 668 filium
456 607 561 670 salvum
577 621 746 675 nunciarent.
786 623 862 674 Cete-

73 689 641 760 rumipsosnonsolnmlamilisricoense
653 685 793 762 ιιιιιιιιιιιι,
814 695 864 748 sed

73 772 101 819 et
110 767 264 833 insequenti
279 765 323 816 die
337 763 523 832 gladiatorum
537 768 694 834 spectaculo
706 769 780 820 droa
789 785 818 821 se
828 783 862 822 ex

72 839 209 892 industris
220 839 375 904 collocatis,
396 839 491 892 oblato
504 841 559 892 sibi
568 840 732 893 ferramenta
741 857 862 910 pugnen-

72 915 141 966 tium
159 913 330 980 inspicienda
342 915 474 979 porrexin
512 913 623 966 Dicitur
636 917 731 980 edam,
752 917 863 984 cognita

40 1035 42 1040 .
72 989 215 1055 utriusque
225 989 364 1055 gerinus,
379 985 515 1056 interim
529 989 652 1040 amiotus
661 989 808 1056 patrumm
822 989 862 1042 ai·

74 1064 210 1126 firmasse,
230 1061 493 1128 rerumquererumque,
514 1063 582 1114 stad
593 1062 663 1125 clim·
682 1064 861 1116 sicutevenit.

73 1136 206 1199 Fratrem,
216 1134 345 1186 insidiari
354 1135 409 1186 sibi
417 1151 474 1187 non
484 1135 663 1200 desinentem,
674 1137 722 1188 sed
732 1151 818 1203 paene
828 1153 862 1190 ex

74 1209 200 1277 professo
211 1208 405 1260 sollicitantem
415 1210 563 1274 exercitus,
574 1209 749 1262 meditantem
759 1210 861 1282 fugam,

6 1325 7 1348 p
73 1299 125 1336 nec
135 1282 259 1350 occidere
269 1297 357 1350 neque
367 1297 498 1348 seponere
509 1298 542 1335 sc
551 1292 585 1334 ne
594 1285 624 1333 in
634 1285 740 1336 minore
751 1285 861 1351 quidem

6 1357 7 1362 ’
74 1356 179 1409 honore
189 1354 289 1408 hebere
298 1354 442 1406 sustinuit:
456 1356 513 1420 sed,
523 1361 555 1407 ut
565 1371 581 1408 a
591 1358 679 1425 primo
690 1358 799 1426 imperii
808 1358 861 1422 die,

75 1435 230 1484 consortem
240 1443 478 1496 successoremque
487 1429 584 1481 testari
593 1433 784 1497 perseveravit,
795 1447 861 1484 uon·

74 1518 213 1572 numquam
223 1509 328 1556 secreto
339 1503 460 1555 lacrimis
470 1505 632 1572 etprecibus
647 1520 742 1571 orsus,
762 1515 861 1559 uttan-

75 1579 132 1630 dem
142 1586 232 1630 mutuo
242 1591 307 1646 erga
318 1591 344 1629 se
354 1593 441 1628 cosmo
451 1572 526 1629 uellet
534 1592 596 1630 esse
869 1576 877 1584 '

129 1652 165 1704 X.
184 1651 258 1703 Inter
267 1649 336 1704 haec
344 1657 432 1703 morte
447 1657 609 1722 praeventus
624 1660 678 1718 est,
698 1655 803 1707 maiore
813 1654 861 1706 ho

7 1753 8 1774 ι
75 1741 177 1778 ιιιιιιιιιιι
188 1724 298 1790 damno,
309 1739 391 1793 quum
401 1741 461 1778 suo
500 1725 669 1796 Spectaculis
680 1729 842 1792 absolutis
833 1744 863 1780 ιιι

7 1823 8 1832 1
75 1815 190 1868 qnorum
201 1799 254 1850 line
264 1800 367 1868 populo
379 1801 600 1852 coramnbertim
609 1801 733 1865 fleverat,
745 1801 863 1854 Sabinos

75 1873 144 1943 petit
155 1873 296 1941 aliquanto
306 1875 427 1958 tristior,
448 1875 522 1942 quod
537 1869 704 1926 sacrificanti
713 1840 806 1926 liostia
816 1889 863 1926 ιιιι-

74 1947 191 2014 ingerat,
198 1946 325 2014 quodque
334 1935 495 2014 te'mpcstate
505 1963 601 2000 serena
610 1955 745 1999 tonuerst.
757 1947 863 2000 Deinde

74 2022 192 2089 primam
201 2021 293 2070 statim
305 2020 339 2071 ad
354 2021 523 2072 mansionem
535 2021 633 2073 febrim
648 2026 757 2086 nectus,
779 2036 863 2088 quum

7 2115 8 2122 ¹
75 2094 140 2146 inde
149 2093 248 2144 lectica
257 2093 462 2156 transferretur,
474 2095 629 2159 suspexisse
639 2093 740 2145 dicitnr
750 2094 863 2148 dimotis

21 2183 24 2190 ’
75 2165 195 2234 plagulis
211 2165 329 2228 coelum,
349 2166 517 2234 multumque
535 2173 712 2235 conquestus,
733 2167 801 2236 crept
814 2169 865 2222 sisi

75 2239 156 2292 sitam
170 2238 318 2290 immerenti
322 2256 330 2288 .·
349 2255 431 2303 nepus
445 2238 513 2290 enim
528 2247 630 2291 exstare
644 2242 723 2293 ullum
736 2243 862 2314 memsa-

76 2321 148 2365 ctum
157 2309 355 2379 poenitendum,
377 2321 482 2378 excepto
497 2313 628 2365 duntaxat
640 2329 699 2367 uno.
737 2316 769 2368 ld
783 2317 864 2386 quale

76 2385 172 2452 fuerit,
191 2400 279 2454 neque
288 2384 348 2454 ipse
357 2390 422 2436 tunc
432 2386 566 2453 prodidit,
585 2403 672 2456 neque
687 2390 864 2458 culquamia-

7 2495 8 2502 ι
77 2460 130 2514 oile
140 2465 290 2513 succurrat
329 2459 447 2522 Quidam
462 2461 621 2527 opinantur,
642 2465 865 2518 consuetudinem

75 2535 262 2600 recordatum,
274 2549 355 2603 quam
363 2549 426 2586 eum
437 2533 531 2587 fratris
541 2551 627 2589 uxore
637 2533 772 2592 habuerit.
810 2537 866 2591 Sed

75 2609 180 2666 nullam
194 2607 334 2676 habuisse,
354 2616 497 2682 persancte
511 2611 636 2664 Donido
649 2612 772 2680 iurabat,
791 2609 866 2666 hund

111 2703 662 2752 surremit
