1992 2962
10 219 15 226 ,
109 153 159 207 soa
294 203 296 210 ,
384 155 621 204 c.sonroun

108 285 150 330 ret
159 275 210 329 ridi
219 275 342 344 aliquem,
363 275 438 330 cuias
451 287 549 331 motum
563 285 591 330 et
603 275 722 330 luditum
737 274 906 350 etiamtum,

107 351 267 404 imitaretur.
307 349 426 403 Misellus

219 421 352 487 ἀτυχεῖ-
361 422 431 474 adar
441 421 468 474 ir
478 426 545 474 τοῖσι
554 419 707 480 σπουδαίοις
716 420 781 473 lina.

112 498 164 552 Uti
172 515 223 552 aaa
233 499 367 552 educarit
376 498 430 552 aas
440 499 551 562 animur,
561 499 627 552 satit
637 506 748 566 apparet
760 492 776 562 ἢ
787 493 833 562 τῆξ
845 513 897 557 our.
985 491 986 494 ’

108 575 154 638 χῆς
166 568 248 623 αὐτοῦ
258 568 379 634 εὐγένεια.
410 572 478 625 ltem
487 573 577 624 tertiis
587 572 686 624 literis:
710 569 898 624 mariamme-

105 656 194 715 poteta
204 655 277 699 taam
283 650 388 715 placere
397 646 464 700 nati
472 647 658 698 declamantem
664 643 898 712 potuisse,peream

108 719 172 783 triti,
193 736 251 772 mea
263 720 354 784 Liria,
376 721 500 774 adueiror.
540 718 610 772 Nam
624 717 670 786 pai
685 727 739 770 tam
747 713 852 776 ἀσαφῶς
862 721 898 770 lo·

110 803 219 862 quatur,
231 793 375 862 puiporu't,
387 811 466 863 qaum
476 795 612 862 declamat,
624 793 710 850 σαφῶς
721 791 818 855 decere,
831 807 898 858 puae

109 867 218 920 dicenda
228 877 301 930 tuot,
313 885 364 920 aon
373 869 455 922 rideo.
494 867 552 920 Nec
562 867 674 918 durhium
685 871 737 931 est,
754 865 820 934 quid
834 872 899 934 post

108 939 323 1010 lraecdugustus
334 943 518 1006 constituerit,
539 947 568 994 et
582 940 724 1008 reliquerit
739 955 799 991 eum
809 940 896 1004 nullo,

109 1020 216 1084 praeter
227 1015 367 1084 augualis
378 1017 539 1080 sacerdotii,
554 1013 659 1066 honore
668 1014 848 1081 impertitum,
864 1029 898 1066 ac

107 1105 142 1142 ue
152 1087 278 1142 heredem
288 1091 407 1158 quidem,
412 1091 467 1143 nisi
476 1091 548 1142 iuter
557 1089 654 1140 tertios
665 1103 698 1138 ao
710 1101 796 1158 paene
807 1092 897 1139 extra·

107 1163 898 1232 neos,epertesextanuncuparitlegatoquoquenonam·

65 1283 70 1290 .
106 1237 180 1306 plius
191 1253 272 1305 quam
283 1240 501 1308 octingentorum
512 1236 698 1290 sestertiorum
708 1240 878 1302 prosecutus.

162 1309 197 1362 V.
217 1312 345 1365 Tiberius
356 1320 473 1382 patr-uus
487 1311 590 1380 petenti
603 1307 721 1362 honores
741 1309 900 1360 consularia

108 1391 268 1437 omamenta
283 1385 389 1440 detulit.
429 1387 483 1440 Sed
502 1384 649 1438 instantiae
669 1382 807 1450 legitimos
820 1381 899 1450 flagi·

106 1457 191 1521 tanti,
201 1457 231 1508 ld
241 1459 330 1512 solum
341 1461 478 1514 codicillis
488 1459 640 1526 rescripsit,
655 1455 841 1526 Quadraginta
852 1471 900 1508 au·
985 1461 986 1508 j

108 1546 165 1584 reor
175 1530 204 1582 iu
215 1530 370 1586 Saturnalia
384 1544 409 1587 er
425 1532 562 1604 Sigillaria
576 1531 675 1584 misisse
689 1529 721 1582 ei.
760 1531 839 1582 Tunc
853 1529 899 1584 de·
985 1563 986 1568 κ

107 1620 181 1656 mum
193 1605 300 1658 abiecto
309 1623 357 1675 spe
368 1609 511 1676 dignitatis
522 1606 557 1659 ad
568 1607 655 1658 otium
671 1604 819 1668 concessit,
839 1619 899 1657 mo-

108 1679 144 1734 do
154 1679 184 1730 ln
198 1676 287 1731 hortis
301 1687 328 1732 et
342 1682 513 1746 subrubauo,
532 1679 616 1732 modo
630 1681 660 1732 iu
675 1679 843 1748 Campaniae
857 1695 900 1732 se·

109 1767 187 1805 cessu
201 1752 375 1816 delita-seeum
396 1761 478 1822 atque
492 1769 525 1807 ex
540 1754 719 1806 contubernio
740 1751 901 1809 sordidissie

107 1841 214 1880 morum
234 1825 388 1894 homiuum,
408 1845 490 1897 super
508 1835 626 1882 veterem
647 1827 780 1895 segnitiae
793 1833 898 1893 uotum,

108 1902 249 1954 ebrietatis
259 1907 286 1954 et
297 1901 373 1956 aleae
384 1919 493 1973 quoque
503 1902 646 1973 infamiam
656 1902 754 1964 subiit;
827 1935 833 1941 ι

163 1974 210 2028 v1.
232 1977 321 2039 Quium
330 1978 453 2043 interim,
474 1993 629 2048 quanquam
639 1974 693 2029 hoc
702 1975 785 2028 modo
797 1975 900 2042 agenti,

107 2065 246 2118 nunquam
258 2057 305 2104 aut
315 2053 436 2104 officium
450 2050 602 2116 hominum,
623 2056 671 2102 aut
684 2049 837 2102 reverentia
850 2063 901 2118 pu·
985 2057 986 2062 ’

108 2123 183 2175 blica
193 2124 289 2177 defuit.
307 2139 308 2144 ¹
327 2125 461 2194 Equester
475 2120 543 2178 o'rdo
557 2125 601 2176 bis
611 2130 757 2193 patronum
768 2138 829 2175 eum
839 2137 901 2190 per·
985 2177 986 2180 ,

108 2193 237 2251 terendae
250 2214 302 2268 pro
317 2216 345 2252 se
360 2201 506 2268 legationis
521 2199 616 2266 elegit:
636 2198 732 2262 semel,
753 2212 836 2266 quum
854 2195 900 2248 de·

109 2271 275 2343 portandum
287 2273 402 2327 Romam
418 2288 516 2340 eorpus
530 2273 646 2340 dugenti
664 2271 784 2324 humeris
804 2270 862 2322 suis
884 2285 902 2322 a

110 2344 269 2396 consulibus
288 2353 478 2414 exposcerent3
501 2349 599 2400 iterum
605 2384 613 2412 ,
634 2361 717 2416 quum
738 2359 901 2414 oppressum

101 2417 236 2488 ⁸Seianum
252 2420 325 2490 apud
339 2422 448 2473 eosdem
463 2421 674 2488 graudarentur.
714 2421 787 2482 Quin
802 2425 829 2471 et
838 2434 900 2486 spe·

108 2489 223 2540 ctaculis
238 2491 394 2545 advenienti
408 2509 551 2562 assurgere
570 2501 597 2546 et
615 2495 741 2545 lacernas
762 2493 901 2561 deponere

79 2586 81 2591 ·
107 2561 242 2612 solebant.
267 2563 383 2617 Senatus
394 2582 511 2635 quoque,
521 2575 553 2620 ut
563 2568 749 2620 adnumerum
759 2565 900 2620 sodalium

110 2635 296 2702 luguntalituu
311 2641 385 2692 sorte
400 2639 544 2693 ductorum
557 2647 636 2694 extra
649 2641 772 2695 ordinem
789 2641 899 2695 addice·-
