1986 2960
121 105 173 160 mo
298 168 302 173 .
401 65 635 184 elsunroun
731 126 733 131 ·

114 230 233 285 decidit.
264 228 404 296 Fuerunt,
424 232 473 300 qui
489 231 745 300 interpretarentur,
765 247 820 284 noo
836 232 916 287 allud

123 306 292 374 nigritiesue,
312 321 394 374 quem
404 307 469 357 ntis
480 305 563 369 orde,
584 305 662 356 euius
675 306 782 373 insigne
791 307 821 358 id
831 315 914 373 esset,

122 379 521 449 quandoqueeisubiieeretur.
547 379 628 447 Apud
636 378 768 432 Mundam
778 379 815 432 D.
825 381 915 434 lulius

987 145 990 234 l

122 455 220 506 eastris
229 453 321 510 lomim
331 454 454 522 sapiens,
475 467 558 520 quum
568 452 665 504 siloam
676 453 813 519 caederet,
830 453 914 508 arbo·
989 473 990 482 ¹

120 539 178 580 rem
188 527 296 595 palmae
305 533 441 596 repertam
452 527 622 590 conservari,
636 532 668 578 at
677 541 756 578 omen
767 529 912 593 victumae,

119 598 214 652 iussit:
234 615 269 652 ex
282 602 315 653 ed
329 601 459 654 contiuuo
473 606 556 653 enata
568 599 679 652 subules
695 599 764 652 adeo
775 601 913 668 inpaneis

120 675 217 728 diebus
228 675 357 739 adolevit,
362 681 394 725 ot
402 689 458 726 non
468 675 662 743 aequipararet
671 675 912 744 modumatrieem,

119 749 306 810 verumetiam
317 749 469 816 obtegeret,
483 746 756 816 frequentareturque
770 748 913 802 columbu-

120 838 180 874 rum
194 823 280 885 uidis3
301 823 424 889 quamvis
438 820 469 873 id
483 822 574 872 arium
587 835 672 888 genus
688 821 783 872 duram
793 827 821 874 et
831 837 912 890 aspe-

69 901 72 904 '
118 912 178 948 rem
188 895 313 948 frondem
323 895 440 947 maxime
450 895 526 948 vitet.
544 893 596 946 llio
607 900 634 950 et
643 896 789 963 praecipue
800 902 911 950 ostento

118 974 223 1022 mettim
235 968 490 1034 Gaesaremierunt,
510 983 545 1020 ne
559 983 637 1036 quem
648 968 737 1024 ,alium
752 969 807 1020 sibi
816 985 911 1022 suoee·

119 1044 196 1108 dere,
222 1057 303 1110 quam
327 1044 433 1096 sororis
456 1047 596 1109 nepotem,
620 1043 711 1094 vellet.
748 1042 780 1094 ln
799 1059 912 1098 eeeeesu

118 1117 282 1188 Apolloniae
292 1116 446 1184 Theogenis
456 1115 643 1168 mathematici
656 1116 796 1184 pergulam
807 1113 910 1172 comite

23 1231 24 1236 ,
76 1217 77 1222 =
118 1192 239 1260 Agrippa
249 1191 416 1248 ascenderat.
445 1191 535 1250 Quum
545 1191 688 1257 Agrippae,
700 1191 748 1258 qui
758 1191 835 1258 prior
844 1207 911 1244 eou-

118 1265 352 1334 olebet‚·magna
362 1271 389 1317 et
397 1279 484 1334 paene
492 1264 666 1316 incredibilia
676 1263 914 1331 praedicerentun

117 1339 231 1393 reticere
241 1340 300 1407 ipse
309 1340 462 1407 genitruani
473 1353 564 1404 mum,
583 1353 634 1390 nee
646 1337 717 1390 velie
726 1336 806 1390 edere
815 1354 908 1406 perse·

99 1413 239 1483 *vetabat
249 1411 818 1480 mmuscpudorememinorinveoiretm.
844 1413 909 1474 Qua

116 1495 208 1538 tameo
223 1493 288 1555 pust
300 1487 400 1540 multas
415 1485 622 1540 adhortationes
635 1485 682 1538 rix
701 1491 728 1538 et
748 1492 910 1541 musetanter

117 1559 205 1625 edita,
221 1561 333 1612 exsiluit
346 1559 519 1629 Theogenes,
533 1559 714 1628 adoravitque
723 1574 793 1612 eum.
832 1561 907 1613 Teo-

115 1640 172 1686 tam
191 1649 255 1687 mox
276 1635 404 1686 fiduciam
422 1633 476 1685 fati
488 1634 624 1700 iugmtus
637 1631 745 1698 hahuit,
766 1639 797 1684 ut
813 1631 908 1687 themu

116 1724 195 1760 suum
204 1707 906 1779 migeveritnummnmqueargentenmnotasiderls

116 1782 288 1850 Capricorni,
301 1796 355 1850 quo
365 1786 447 1834 natus
457 1787 506 1847 est,
517 1783 691 1850 percusserit

171 1853 254 1907 XCV.
274 1853 342 1908 Post
351 1869 444 1908 neuem
451 1855 586 1921 Caesaris,
597 1871 706 1909 reverso
717 1856 908 1925 ebhpollunia

116 1936 144 1982 et
153 1929 322 1998 ingrediente
332 1944 365 1982 eu
374 1921 613 2000 Urbemstepente,
623 1930 730 1999 liquido
742 1945 775 1982 ae
783 1946 854 2000 puro
864 1945 907 1984 se·

115 2019 190 2068 reno,
202 2003 320 2056 eirmdus
331 2004 367 2056 ad
376 2005 494 2073 speeiem
505 2005 631 2057 eoelestis
642 2019 722 2056 arens
732 2006 825 2057 orhem
836 2002 910 2058 solis
989 2055 990 2060 ,

114 2079 225 2142 anihiit3
245 2093 278 2131 ae
292 2079 407 2132 subinde
420 2079 509 2132 Iuliae
519 2078 651 2131 caeseris
661 2079 734 2130 filiae
748 2093 907 2131 monumen.

113 2159 175 2204 tum·
190 2151 304 2206 fulmine
318 2154 402 2206 lehun
418 2159 468 2204 est.
505 2151 599 2204 Primo
615 2157 705 2204 antem
720 2152 866 2220 consulatu
879 2153 907 2206 ei

113 2227 258 2293 augrrrium
269 2227 389 2294 capienti
398 2224 544 2279 duodecim
554 2241 583 2277 se
592 2225 723 2290 rinitores,
734 2231 765 2278 ut
774 2225 906 2292 Romulo,

113 2299 302 2363 ostenderunt3
322 2307 350 2354 et
362 2299 518 2352 immolanti
536 2299 657 2351 omnium
675 2299 849 2354 morinorum
862 2301 907 2353 io·

112 2373 209 2426 einora
222 2374 356 2440 replicata
369 2375 533 2434 intrinsecus
547 2374 582 2424 ab
592 2373 649 2430 lma
658 2374 729 2426 libra
738 2381 906 2440 paroemiam

112 2447 219 2498 nemine
229 2447 380 2514 peritorum
391 2447 473 2500 aliter
482 2441 666 2512 eonomine,
677 2461 760 2517 quiem
770 2447 845 2499 laete
854 2463 908 2516 per
989 2479 990 2484 κ

112 2517 181 2573 haec
191 2527 219 2572 et
227 2535 327 2590 magna
337 2522 474 2589 portendi.

112 2657 126 2666 „
167 2593 263 2650 xcvi.
283 2595 357 2660 Quin
377 2603 405 2650 et
423 2595 559 2650 bellorum
574 2595 695 2650 omnirrm
707 2599 819 2656 eventus
841 2603 908 2654 ante
