1964 2970
84 109 89 116 ’
185 133 449 183 ocrsvrsuus.
485 133 698 185 cee.sa-se.
804 133 840 186 π

52 264 146 310 contra
165 257 301 324 praetoris
320 255 442 307 tribunal
461 253 545 308 dedit.
583 252 752 309 A‘thletarum
771 272 837 312 voro

49 330 205 400 spectaculo
217 330 348 382 muliebre
359 345 439 381 sexus
450 345 530 382 omno
544 329 614 381 adeo
629 333 789 396 summovit,
807 339 839 384 ut

47 403 252 474 pontificalibus
269 403 342 454 ludis
358 403 481 471 pugilum
500 418 551 470 par
565 403 732 470 postulatum
753 405 836 457 distu.

46 479 109 531 ierit
118 479 147 528 in
158 478 295 543 sequentis
307 477 361 528 diei
366 478 528 528 matutinum
536 478 835 546 tempus,edixeritque,

14 551 16 626 q
46 552 241 610 mulieresante
255 549 347 602 bosom
362 550 480 617 quintum
493 541 580 603 aurire
594 549 623 602 s'a
637 550 770 604 tecam
783 568 836 604 sca

14 629 16 676 l
61 628 155 678 lucere.

42 643 60 694 p
101 694 188 750 XLV.
207 696 269 765 lpse
280 697 420 762 circenses
434 709 469 748 ex
482 697 633 749 aulicorum
647 697 705 750 iere
722 697 834 752 liberto·

44 787 158 840 rumque
169 769 324 823 coenaculis
339 770 492 837 spectabat,
511 772 647 823 interdum
663 772 834 842 epulvinari,

43 845 194 914 etquidem
215 847 275 896 cnm
291 845 407 911 coniuge
421 859 454 896 ac
468 844 562 896 liberis
576 846 683 898 sedens.
722 845 834 914 Specta-

43 921 105 973 enlo
116 918 307 988 perplurimas
316 916 562 985 boras,aliquando
573 925 649 971 totos
659 920 718 972 dies
727 922 832 986 aberat,

42 995 128 1062 petita
137 992 227 1058 venia,
238 991 501 1058 commendatisque,
512 993 647 1058 quisnam
656 995 743 1045 vicem
753 1009 831 1060 prae-

42 1065 156 1120 sidendo
168 1065 352 1132 iungerentur.
391 1064 492 1118 Verum
503 1067 611 1132 quoties
622 1067 742 1129 adesset,
761 1066 833 1118 nibil

42 1147 183 1210 praeterea
194 1140 301 1206 agebat,
312 1153 361 1190 seu
369 1139 476 1190 vitandi
484 1141 603 1190 rumoris
614 1154 707 1202 causa,
718 1153 772 1206 quo
783 1155 831 1206 pa·

42 1221 109 1267 trem
124 1215 270 1264 Caesarem
281 1213 365 1280 vulgo
379 1211 570 1280 reprehensum
590 1214 831 1277 commemorabat,

43 1288 115 1356 quod
128 1289 201 1339 inter
215 1287 391 1354 spectandum
405 1286 530 1353 epistolis
543 1285 699 1353 libellisque
709 1287 832 1353 legendis

42 1361 289 1417 ant,reseribendis
307 1365 431 1422 vacaret3
455 1375 505 1410 seu
522 1359 615 1410 undio
636 1360 777 1428 spectandi
799 1376 833 1416 ao

41 1437 195 1504 voluptate,
211 1449 265 1504 que
274 1433 362 1486 teneri
371 1447 401 1485 se
411 1447 498 1500 neque
509 1432 693 1486 dissimulavit
701 1449 831 1503 unquam,

40 1518 66 1563 et
85 1525 169 1578 saepe
187 1510 304 1576 ingenue
323 1506 464 1575 professus
478 1513 529 1559 est.
567 1507 662 1575 ltaque
729 1509 832 1562 ollarla

40 1591 67 1637 et
76 1584 201 1652 praemia
212 1583 309 1634 alienis
324 1597 432 1649 quoque
442 1581 599 1634 muneribus
611 1598 644 1634 ac
653 1582 672 1633 b
736 1589 765 1636 et
774 1599 829 1636 cre·

38 1659 90 1710 bra
110 1664 139 1709 et
156 1655 272 1724 grandia
292 1655 326 1708 (le
345 1670 395 1707 sno
417 1655 561 1708 offerebat:
583 1657 706 1724 nullique
721 1657 829 1710 Graeco

39 1731 184 1784 certamini
203 1728 339 1794 interfuit,
361 1744 414 1796 quo
434 1745 490 1782 non
509 1744 560 1797 pro
579 1731 677 1783 merito
697 1745 830 1798 quemque

39 1805 203 1858 certantium
213 1802 398 1856 honoraverit.
436 1801 830 1870 Spectavitantemstndiosis·

38 1881 108 1930 sime
118 1878 238 1946 pugiles,
259 1878 412 1930 etmaxime
422 1875 553 1939 Latinos;
572 1892 628 1929 non
641 1877 779 1944 legitimos
790 1882 830 1928 at-

39 1969 92 2020 que
107 1953 265 2004 ordinarios
280 1951 377 2014 modo,
396 1965 466 2019 quos
481 1952 564 2003 etiam
578 1951 748 2002 committere
768 1965 830 2002 enm

41 2025 291 2088 Graecissolebat,
311 2025 359 2076 setl
373 2029 401 2076 ot
414 2025 581 2076 cates-varios
595 2023 749 2092 oppidanos
759 2023 830 2074 iuter

42 2101 184 2167 angustias
202 2100 327 2150 vicorum
344 2104 497 2166 pugnantes
514 2103 615 2150 temere
635 2112 668 2148 ec
687 2098 746 2148 sine
761 2102 829 2150 arte.

40 2175 203 2225 Universum
223 2171 339 2238 (leuique
358 2186 443 2239 genus
463 2185 561 2238 operas
586 2171 694 2237 aliquas
716 2170 829 2237 publico

39 2246 200 2314 spectaculo
211 2245 398 2313 praebentium
409 2245 492 2297 etiam
503 2258 568 2296 onra
578 2258 630 2295 sua
639 2243 768 2310 dunatus
778 2251 829 2297 est.

38 2319 376 2372 Athletisctconserravit
384 2318 528 2385 privilegia
538 2323 565 2368 et
575 2317 725 2384 ampliavit.
765 2317 830 2370 Gla

38 2393 163 2446 (lictores
173 2394 233 2446 sine
242 2393 373 2444 missione
386 2391 431 2443 edi
441 2389 590 2458 prohibuit.
629 2391 830 2446 coercitionem

37 2469 64 2519 in
75 2467 241 2531 histriones,
256 2464 462 2533 magistratibus
472 2465 502 2516 in
512 2465 718 2534 omnitempore
728 2475 756 2520 et
765 2468 828 2520 loco

38 2541 99 2612 lege
108 2549 203 2595 vetere
212 2541 381 2608 permissam,
393 2537 506 2602 adenrit,
518 2545 708 2608 praeterquam
719 2541 792 2592 ludis
802 2545 830 2591 et

38 2632 129 2670 soene.
169 2614 228 2668 Nec
241 2622 332 2666 tamen
347 2628 380 2666 eo
394 2612 483 2664 minus
498 2618 546 2666 aut
558 2615 729 2682 xysticorum
744 2618 829 2669 certa·
