1964 2962
281 161 403 210 ultus.
443 157 621 208 onae-o.
692 193 695 201 ι
798 156 848 210 317

5 277 7 358 j
50 289 106 340 bus
117 285 230 348 emisso,
242 283 384 350 alteroque
393 283 533 346 inscenso,
545 281 622 334 cuius
632 287 724 334 rector
735 282 808 362 cirea
818 297 847 335 se

5 359 7 362 ’
50 358 374 417 dinsicassoccubuarat
630 414 635 422 .

5 479 6 492 ,
108 432 144 484 V.
165 431 256 484 Galba
269 435 456 482 moxtenente
468 429 678 498 rempublicam,
698 429 798 480 missus
809 431 845 481 ad

47 505 259 579 gratulandum,
275 519 386 572 quaqua
395 505 461 568 iret,
473 505 607 558 convertit
616 501 753 568 homines,
765 505 845 571 quasi

5 611 7 646 ι
50 580 213 649 adoptionis
231 579 323 647 gratia
342 584 533 631 arcesseretur.
577 577 644 642 Sed,
669 577 719 628 ubi
737 578 845 629 turbari

5 663 7 718 l
49 669 148 709 rursus
158 659 257 706 cuncta
266 653 363 716 sensit,
382 651 467 704 rediit
475 667 510 704 ex
518 651 631 715 itinere3
651 651 782 720 aditoque¹
792 650 844 702 Pa·
916 703 918 706 .

5 759 6 794 p
49 726 255 800 phiaeVeneris
266 727 389 792 oraculo,
396 727 460 778 dum
471 727 505 778 da
515 725 844 794 navigationeconsuluit,
872 751 877 755 -

5 849 6 866 ,
50 803 139 856 etiam
154 801 187 852 de
200 801 311 868 imperii
324 813 372 868 spe
386 801 563 860 continuatus
576 805 627 852 est.
666 801 751 851 Cuius
768 799 846 851 brevi

5 909 7 942 ι
51 890 179 944 compos,
200 875 273 928 etad
283 871 500 943 perdomandam
508 874 639 926 Iudaeam
652 875 776 937 relictus,
797 889 846 926 no-

5 981 7 1014 ,
50 952 167 1006 sasima
189 949 449 1017 Hierosolymorum
474 949 679 1016 oppugnatione
702 947 848 1000 duodecim

5 1053 6 1084 ι
51 1031 273 1098 propugnatores
286 1024 403 1081 totidem
418 1023 581 1090 sagittarum
596 1021 715 1075 confecit
732 1021 847 1083 ictibus3

53 1101 180 1168 cepitque
191 1113 250 1151 eam
260 1098 349 1150 natali
359 1097 433 1148 filiae
444 1111 518 1160 suae,
528 1101 606 1148 tauto
617 1097 734 1147 militrrm
744 1095 846 1164 gaudio

55 1173 206 1236 celerose,
227 1181 259 1224 ut
272 1173 302 1224 iu
312 1170 498 1240 gratrrlatioue
507 1171 701 1239 imperatorem
713 1185 773 1222 eum
785 1185 848 1220 con·

56 1247 249 1311 salutaverint,
270 1253 298 1298 et
312 1245 426 1297 subinde
441 1243 614 1297 decedentem
627 1245 771 1312 provincia
782 1243 849 1296 detl-

56 1321 180 1386 nuerlnt,
201 1321 362 1390 suppliciter
375 1332 495 1371 necnon
509 1324 537 1371 et
545 1319 690 1371 minaciter
700 1317 850 1386 efflagitan-

7 1418 11 1437 ι
56 1405 113 1461 tes,
125 1405 174 1448 cut
183 1403 331 1448 remaneret
342 1401 392 1446 aut
400 1407 485 1447 secum
496 1407 583 1445 amose
589 1391 850 1462 paritersotdocerst.

58 1471 137 1522 Unde
156 1477 222 1522 nata
242 1469 363 1539 suspicio
384 1474 437 1534 est,
458 1468 539 1536 qnasi
558 1467 709 1520 desciscere
730 1473 852 1536 epatre,

61 1543 722 1613 Orientisqueragnumsibisiudlcaretcntasset.
764 1543 853 1604 Quam

5 1679 7 1698 Ι
61 1621 246 1688 suspicionem
266 1619 355 1683 auxit,
375 1623 522 1688 postquam
535 1617 730 1669 Alexandriam
749 1622 853 1685 petens,

59 1695 91 1747 in
110 1693 295 1747 consecrando
316 1693 389 1762 apud
402 1691 551 1761 Memphim
569 1693 641 1749 bove
655 1692 708 1761 Api
728 1691 855 1743 diadema

61 1769 192 1838 gestavit,
209 1767 242 1820 de
257 1783 333 1820 more
347 1768 483 1836 siquidem
497 1768 606 1836 rituque
619 1767 729 1834 priscae
742 1765 859 1831 religio·-

61 1844 119 1906 nis3
139 1843 187 1894 sed
202 1857 258 1894 non
276 1843 401 1908 deerant,
422 1841 471 1912 qui
491 1843 580 1894 secius
600 1843 854 1909 interpretarentur.

62 1915 338 1979 Quarefestinansin
351 1916 475 1981 ltaliam,
496 1931 578 1985 quum
588 1913 736 1981 Rhegium,
757 1911 855 1964 deinde
954 1915 956 1920 ‘

62 1989 197 2044 Puteolos
208 1990 337 2043 oneraria
345 2004 415 2042 nare
426 1988 707 2058 appulissegRomam
716 1986 780 2038 inde
792 2001 856 2038 eon-

61 2065 152 2117 tcndit
162 2063 396 2132 expeditissimus3
415 2063 625 2132 inopinantique
634 2061 717 2128 patri,
728 2060 803 2112 velut
814 2075 857 2112 ar·

62 2153 149 2208 guens
158 2151 299 2188 rumorum
310 2137 343 2190 da
353 2153 383 2190 se
391 2137 586 2200 temeritatem,
605 2133 684 2201 Veni,
698 2135 801 2202 inquit,
807 2151 857 2204 pa-

63 2210 191 2275 ter,'oem'.

5 2351 6 2358 ἵ
96 2297 97 2300 ’
119 2283 167 2337 Vl.
186 2283 282 2351 Neque
296 2298 331 2335 ex
345 2299 377 2336 eo
394 2283 500 2336 destitit
512 2283 675 2351 participem
690 2287 772 2353 atque
784 2287 858 2337 tuto-

63 2359 341 2427 remimperiiagere.
380 2355 744 2426 Triumpharitcumpatre,
765 2355 859 2410 censit-

62 2448 178 2502 ramque
192 2432 278 2502 gessit
289 2445 354 2484 una.
392 2430 490 2484 Eidem
505 2431 612 2500 collega
626 2438 654 2487 et
665 2433 695 2484 in
708 2433 859 2484 tribunicia

63 2513 216 2580 potestate,
236 2514 264 2561 et
276 2507 419 2574 inceptem
429 2507 618 2559 consulatibus
628 2505 690 2559 luit.
727 2506 859 2574 Recepta·

64 2584 194 2653 queadse
203 2597 290 2652 prope
302 2583 423 2636 omnium
434 2579 587 2634 officiorum
598 2597 672 2647 oruc,
679 2597 762 2650 quum
773 2583 860 2648 patris

64 2660 176 2716 nomine
187 2666 214 2714 et
223 2659 356 2729 epistolas
366 2658 427 2727 lpse
443 2655 573 2725 dictaret,
593 2665 621 2712 et
636 2656 727 2711 edicta
742 2658 861 2710 conscri-
