1986 2960
236 72 424 128 TIBERIUS.
460 73 537 120 cAP.
556 75 673 122 51-54.
802 75 852 128 143

107 194 195 249 Lm.-
207 194 313 247 Nuium
331 197 521 264 Agrippinam,
542 202 606 262 post
625 203 740 249 inertem
760 201 853 252 mariti

46 271 172 322 liberius
188 270 322 336 quiddam·
333 277 465 337 questam,
475 286 558 322 mauu
568 269 756 338 apprehendit,
767 272 851 326 Grae·

49 353 244 412 coqueversu,
257 342 288 394 Si
296 361 348 396 noa
358 344 509 407 1111111111,
515 345 613 411 inquit,
617 344 715 413 filiola,
725 345 851 400 iniuriam

48 429 75 470 te
87 417 211 484 accipere
221 417 372 470 existimus?
385 435 436 470 uec
444 419 502 471 ullo
513 433 578 470 mox
588 435 713 471 sermone
723 420 851 487 dignatus

48 499 102 544 est.
146 491 293 552 Quondam
306 507 373 544 vero
386 493 459 543 inter
473 509 586 552 coenam
597 500 725 559 porrecta
735 510 752 546 a
762 511 791 546 se
801 509 883 572 po·

47 581 97 618 ma
107 543 883 633 5111111111111111111111111111(11111111111111,

47 641 153 692 veneni
163 655 192 692 se
204 640 316 702 criasine
328 641 443 704 arcessi3
455 655 537 708 quum
542 645 741 707 praestructum
746 648 848 694 utrum

49 729 106 782 que
118 713 246 766 consulto
258 719 338 778 esset,
344 720 375 766 ut
385 716 480 782 etipse
491 714 615 766 tentandi
624 716 717 783 gratia
727 715 848 780 offerret,

49 794 79 840 et
89 787 143 838 illa
154 789 234 854 quasi
249 789 431 840 certissimum
445 789 559 840 exitium
570 795 685 848 caveret.
724 789 848 842 Novissi-

49 878 97 914 me
108 861 301 927 calumniatus,
312 863 395 914 modo
407 862 442 916 ad
452 868 572 914 statuam
581 863 708 930 Augusti,
717 865 800 916 modo
813 865 848 916 ad

50 936 192 990 exereitus
213 935 360 1004 confugere
379 936 463 1001 velle,
483 936 680 988 Pandatariam
703 939 847 1006 relegavit3

51 1011 276 1078 conuiciantique
291 1011 400 1062 oculum
418 1027 467 1078 per
484 1012 670 1063 centurionem
689 1013 847 1064 verberibus

51 1085 183 1137 excussit.
222 1085 326 1136 Rursus
346 1085 418 1136 mori
436 1085 530 1136 inedia
544 1085 703 1150 destinanti,
725 1087 848 1153 pervim

52 1175 102 1212 ore
113 1159 240 1224 diducto,
250 1159 375 1210 infulciri
385 1159 476 1210 cibum
485 1159 575 1210 iussit.
615 1159 668 1212 Sed
683 1165 710 1210 et
723 1173 847 1226 perseve-

50 1239 171 1298 rentem,
187 1239 269 1301 atque
278 1234 321 1286 ita
331 1233 514 1298 absumptam,
535 1233 760 1285 criminosissime
775 1235 845 1286 inse·

39 1313 211 1372 1111111111,
223 1321 306 1375 quum
320 1308 393 1358 diem
403 1321 511 1373 quoque
521 1307 640 1358 natalem
651 1307 710 1358 eius
719 1308 845 1366 interne·

50 1381 142 1434 fastos
151 1381 322 1434 referendum
332 1382 474 1434 suasisset.
511 1380 760 1447 Imputavitetiam,
773 1384 848 1450 quod

51 1471 110 1508 uon
129 1455 228 1523 laqueo
253 1455 454 1524 strangulatam
477 1455 507 1506 iu
527 1453 677 1508 Gemonias
701 1458 845 1510 abiecerit:

52 1545 159 1598 proque
168 1531 220 1582 tali
234 1531 379 1584 clementia
388 1531 528 1598 interponi
538 1529 676 1583 decretum
686 1545 784 1596 passus
795 1539 845 1597 est,

54 1619 110 1672 quo
122 1605 729 1680 111111111113111111,1101111111111111
744 1607 846 1658 donum

53 1693 89 1730 ex
99 1693 166 1730 auro
176 1686 340 1733 sacraretur.

109 1752 180 1806 LIV.
192 1754 282 1816 Qumn
293 1771 326 1807 ex
337 1753 501 1808 Germanico
511 1761 568 1808 tres
578 1762 701 1822 nepotes,
707 1754 845 1807 Neronem

53 1833 83 1880 et
92 1826 211 1880 Drusum
225 1836 253 1881 et
268 1831 375 1894 Caium,
396 1845 430 1882 ex
440 1830 532 1882 Druso
547 1843 631 1882 unum
641 1829 783 1881 Tiberium
798 1827 844 1880 ha·
925 1827 929 1834 ¹

22 1941 25 1960 ,
52 1904 142 1966 beret,
157 1903 302 1956 destiarau
313 1910 400 1957 morte
410 1905 575 1967 liberorum,
588 1904 722 1970 maximos
733 1909 800 1954 natu
811 1903 845 1955 de

55 1975 297 2042 Gennmricitiiiis,
313 1978 450 2030 Neronem
461 1985 489 2030 et
498 1978 618 2030 Drusum
624 2015 635 2040 „
643 1978 769 2043 patribus
780 1992 843 2029 con·

54 2051 161 2117 scriptis
176 2053 388 2116 commendavit3
409 2053 534 2122 diemque
548 2051 690 2118 utriusque
709 2050 843 2115 tirocinii,

54 2127 193 2192 congiario
205 2127 280 2192 plebi
291 2127 370 2191 dato,
391 2127 548 2180 celebravit.
587 2125 641 2178 Sed
654 2130 686 2176 ut
700 2126 842 2191 comperit,

51 2201 159 2252 ineunte
174 2215 246 2266 anno
262 2217 311 2268 pro
327 2217 422 2271 eorum
437 2217 546 2268 quoque
560 2199 648 2251 salute
657 2199 766 2266 publice
776 2202 843 2252 vota

52 2280 189 2340 suscepta,
210 2276 266 2342 egit
281 2291 341 2326 cum
355 2282 465 2340 senatu,
486 2292 539 2328 aaa
549 2274 638 2326 dedere
649 2273 714 2326 talia
720 2274 843 2341 praerato

53 2347 143 2411 tribui,
163 2349 216 2401 uisi
229 2349 343 2416 expertis
357 2358 384 2402 et
396 2357 483 2401 aetate
493 2348 639 2417 provectis:
658 2353 739 2415 atque
754 2364 787 2400 ex
798 2364 841 2412 eo,
872 2339 877 2352 Χ

52 2422 188 2489 patefacta
197 2424 328 2475 interiore
340 2423 425 2484 animi
434 2424 478 2474 sui
488 2429 572 2486 nota,
584 2423 703 2474 omnium
715 2423 841 2474 crimina·

52 2497 170 2550 tionibus
185 2498 322 2550 obnoxios
342 2497 475 2550 reddidit:
499 2497 629 2564 uariaque
647 2495 744 2548 fraude
763 2496 841 2546 indu-

54 2579 154 2636 ctos‚ut
164 2578 191 2625 et
201 2567 406 2634 concitarentur
416 2572 451 2624 ad
463 2573 596 2636 convicia,
603 2576 630 2623 et
641 2569 772 2624 concitati
781 2585 840 2636 per·
