1986 2960
140 113 190 166 168
423 117 450 164 G.
468 111 658 164 SUE'PONH

139 251 190 290 nec
198 234 328 290 ullisnisi
337 249 372 290 ex
382 237 522 290 senatorio
534 235 632 288 ordine
641 234 841 303 aurigantibus.
853 235 942 289 Gom·
983 245 984 250 ’

78 351 82 360 .
138 310 381 376 misitetsubitos,
402 326 485 378 quum
498 325 513 362 e
525 309 674 362 Gelotiana
684 315 849 377 apparatum
859 310 942 364 Girei

138 385 350 452 prospicientem
365 385 496 452 paucior
513 384 648 452 proximis
662 382 819 436 Maenianis
838 391 939 451 postu-

137 457 249 510 lassent.

193 529 269 584 xlx.
288 531 396 584 Novum
410 536 651 600 praetereantque
670 530 825 582 inauditum
845 545 937 598 genus

137 605 289 672 spectaculi
302 605 477 672 excogitavit.
515 604 586 658 Nam
599 605 731 664 Baiarum
750 604 868 656 medium
890 607 935 658 in-

137 679 282 731 tervallum
292 685 319 730 et
329 678 496 730 Puteolanas
506 679 601 743 moles,
613 679 696 730 trium
706 678 822 730 millium
833 684 861 732 et
870 693 934 731 sex·

138 757 279 804 centorum
289 751 346 804 tere
355 767 498 818 passuum,
514 758 597 827 ponte
607 753 764 816 coniunxit,
780 754 932 806 contractis

137 826 258 893 undique
270 825 404 876 onerariis
413 827 543 891 navibus,
563 832 590 878 et
604 827 700 878 ordine
715 825 820 892 duplioi
835 825 871 877 ad
883 842 931 878 an-

138 915 219 952 oorns
239 899 395 964 collocatis,
417 901 625 968 superiectoque
640 915 740 966 aggere
752 906 875 964 terreno,
897 917 930 952 ac

138 975 242 1026 directo
256 974 285 1024 in
300 973 405 1040 Appiae
418 975 480 1026 viae
494 973 622 1026 formam.
659 973 713 1024 Per
726 972 798 1024 hunc
816 979 931 1040 pontem

83 1097 87 1114 ,
113 1048 210 1110 ,ιιΙιῐο
222 1048 291 1100 citro
304 1048 478 1136 commeavpt,
499 1047 583 1101 biduo
600 1047 763 1100 continenti:
783 1047 930 1114 primodie

136 1121 280 1190 phalerato
292 1135 377 1188 equo,
396 1122 566 1192 insegnisque
581 1135 701 1190 qucrnea
711 1125 827 1183 corona,
849 1125 876 1172 et
886 1137 929 1173 co·

136 1203 194 1259 tra,
215 1193 362 1264 et‘gladio‚
382 1211 520 1264 aureaque
534 1194 691 1262 chlamyder
711 1194 846 1261 postridie
861 1210 929 1262 qua-

137 1269 260 1337 drigario
271 1268 375 1334 habitu,
382 1267 930 1338 curriculoquebiiugifamosorumequo·

137 1359 211 1405 rum,
232 1357 342 1410 praese
357 1343 447 1396 ferens
462 1343 579 1395 Darium
593 1357 705 1411 priorum
719 1357 753 1393 ex
763 1339 931 1394 Parthorum

108 1451 112 1458 -
138 1415 294 1479 obsidibus3
315 1418 462 1470 comitante
471 1418 709 1485 praetorianorum
726 1416 846 1483 agrariae,
862 1417 931 1468 etin

138 1487 241 1542 essedis
256 1489 369 1543 cohorte
389 1493 551 1546 amicorum.
589 1490 652 1544 Soio
673 1489 819 1560 plerosque
834 1487 930 1542 existi·
985 1501 986 1540 ῖ

136 1575 239 1624 masse,
259 1563 343 1614 talem
358 1580 375 1615 a
390 1566 458 1618 Gaio
473 1571 584 1633 pontem
604 1564 788 1630 excogitatum
808 1561 930 1615 aemula-
985 1561 986 1616 3

136 1637 213 1688 tione
223 1633 332 1700 Xerxis,
339 1638 387 1704 qui
397 1653 453 1691 nou
462 1640 522 1691 sine
533 1638 715 1691 admiratione
726 1638 869 1705 aliquanto
881 1652 930 1688 an-

136 1708 287 1777 gustiorem
306 1709 515 1779 Hellespontum
534 1711 764 1773 contabulaverit3
794 1711 878 1776 alios,
897 1716 931 1764 ut

138 1782 314 1834 Germaniam
329 1785 356 1836 et
364 1785 550 1852 Britanniam,
571 1787 670 1854 quibus
683 1786 857 1849 imminebat,
878 1785 929 1836 ali·

138 1858 216 1910 ouius
234 1857 361 1910 immensi
380 1860 471 1927 operis
490 1859 565 1912 fama
583 1859 731 1912 territaret.
774 1858 929 1912 Sed'amrm

137 1947 227 1984 meum
237 1938 392 1987 narrantem
405 1951 473 2002 puer
487 1935 646 1999 audiebam,
667 1948 779 1986 oausam
789 1933 882 2000 operis
893 1933 928 1984 ab

79 2011 88 2026 ⁸
137 2006 316 2064 interioribus
326 2008 428 2060 aulicis
437 2009 588 2077 proditam,
609 2007 683 2076 quod
693 2005 858 2074 Thrasyllus
871 2021 929 2058 me·

137 2079 301 2132 thematicur
312 2083 394 2134 anxio
406 2083 440 2136 de
449 2097 607 2155 successore
618 2081 744 2145 Tiberio,
760 2087 787 2132 et
795 2081 929 2133 interum

137 2160 265 2221 nepotem
275 2157 415 2221 proniori,
432 2158 605 2220 affirmasset,
616 2173 668 2208 non
677 2154 764 2224 magio
776 2153 870 2206 Caium
879 2153 929 2205 tm-

99 2246 100 2250 *
134 2227 928 2298 parturum,qoampossatanomsnom‘patremmeum

194 2301 256 2353 XX.
276 2301 372 2356 Edidit
381 2311 409 2356 ot
418 2319 530 2371 peregre
539 2303 709 2370 spectemrla:
728 2303 758 2354 iu
769 2301 867 2354 Sicilia
878 2301 929 2368 sy-

138 2375 246 2428 racusis
256 2376 359 2429 asticos
368 2377 458 2441 ludos,
469 2383 497 2432 et
505 2376 767 2444 inGalliaLugduni
776 2375 931 2428 miscellosr

138 2445 189 2497 sed
202 2451 230 2496 et
243 2451 379 2508 certamen
392 2466 501 2518 quoqne
515 2449 638 2514 Graecae
647 2450 819 2517 Latinaeque
834 2448 930 2502 iacun-

139 2516 216 2580 ἀίω
227 2533 281 2584 quo
293 2525 439 2576 certamino
448 2523 539 2576 lerunt
546 2523 698 2576 victoribus
708 2524 833 2591 praemia
839 2525 930 2575 victos

140 2589 302 2658 contulisse,
322 2596 471 2650 eorundem
483 2602 511 2648 et
520 2596 616 2650 leudes
627 2611 792 2666 componere
801 2603 928 2662 coactos3

696 2709 707 2738 x
766 2706 769 2712 .
