1964 2970
222 119 480 168 ocrnvinNtts.
516 119 725 169 GAMl-dl.
831 113 865 168 69

74 247 130 298 lum
141 257 248 312 poenae
258 243 370 294 subiret.
408 239 450 292 Ne
461 241 535 309 quod
546 247 635 291 autem
645 241 807 294 maleficium
817 219 884 293 ne?

71 320 213 387 gotiumve
233 317 395 383 impunitate
415 315 459 366 vel
472 329 551 366 mora
565 314 729 379 elaberetur,
749 317 864 384 triginta

71 392 192 460 amplius
212 389 283 453 dies,
308 390 357 456 qui
379 387 536 440 honorariis
556 387 629 440 ludis
649 388 862 455 occupabantur,

70 467 247 520 semitarum
259 462 485 514 accommodavit.
523 461 565 512 Ad
578 467 634 514 tres
647 459 768 513 iudicum
783 457 862 515 deeri-

69 541 129 593 rlas
138 542 268 606 quartam
279 536 387 588 addidit
396 550 429 588 ex
438 535 569 587 inferiore
583 549 677 598 censu,
698 550 768 603 qnae
782 535 862 590 duce·

69 613 215 666 uariorum
225 615 378 672 vocaretur,
389 609 577 676 iudicaretque
588 609 622 660 de
632 609 781 661 levioribus
791 627 862 662 sum·

69 689 134 740 mis.
173 684 281 736 ludices
305 699 322 734 a
339 684 470 734 vicesimo
491 683 590 736 aetatis
609 697 680 735 anno
701 683 817 756 allegit,
832 684 863 736 id

70 766 126 825 est,
138 755 325 827 qrhquennio
336 757 483 820 manitius,
495 771 575 824 quarn
586 757 720 810 solebant.
758 759 798 814 lle
806 758 863 826 ple·

69 836 166 902 rlsque
176 831 319 882 iudicandi
329 845 427 891 muntia
437 831 863 897 detrectantibusleeoacessit,

70 915 103 960 ut
112 903 231 972 sirrgulis
242 904 361 956 decuriis
371 919 420 970 per
429 905 503 956 vices
514 919 605 956 annua
613 907 723 959 vacatio
734 913 818 970 esset;
837 913 865 959 et

70 988 102 1034 ut
111 979 214 1034 solitae
225 975 423 1046 agiNovembri
434 993 466 1030 ae
476 977 621 1032 Decembri
629 995 774 1033 manseres
785 981 864 1033 omit·

69 1059 203 1108 terantur.

128 1127 182 1180 XX
187 1124 259 1177 lllll.
269 1103 384 1192 lpseffus
395 1124 466 1176 dixit
475 1126 593 1189 assidue,
605 1127 670 1178 etin
679 1131 787 1179 noctem
797 1141 865 1179 noa·

71 1215 227 1268 nunquam:
248 1199 379 1266 siparum
391 1213 507 1266 corpore
516 1199 632 1262 valeret,
647 1200 746 1252 lectica
755 1214 806 1267 pro
816 1201 865 1252 trl·

72 1275 171 1329 bunall
182 1272 332 1336 collocata,
346 1272 391 1324 vel
400 1273 483 1324 etiam
494 1272 570 1324 domi
579 1272 690 1324 cubans.
729 1273 808 1326 Dixit
818 1289 864 1326 au·

72 1359 128 1404 tem
138 1350 184 1400 ius
193 1362 250 1398 non
260 1346 404 1412 diligentia
414 1345 497 1396 modo
509 1359 627 1410 summa,
645 1347 693 1400 sed
703 1347 864 1402 etlenitater

73 1423 213 1493 siquidem
223 1419 362 1472 manifesti
371 1418 517 1486 parricidii
526 1434 613 1483 reum,
634 1434 668 1471 ne
683 1421 760 1475 culeo
775 1424 865 1476 lrrsue·

72 1505 163 1560 retur,
185 1494 260 1561 quod
273 1509 329 1546 nou
343 1494 398 1544 nisi
412 1492 531 1544 confessi
542 1493 757 1549 alliciunturbac
766 1497 865 1565 poeni,

71 1575 114 1624 lta
123 1571 213 1623 fertur
222 1569 419 1640 interrogasse:
440 1565 517 1630 Uetto
526 1576 632 1636 patrem
645 1577 719 1624 taam
732 1587 783 1624 non
799 1571 866 1624 orei·

74 1645 154 1698 tatii
176 1643 213 1694 Et
223 1658 305 1710 quum
316 1643 350 1694 de
359 1641 431 1693 falso
442 1647 604 1696 testamento
616 1651 748 1712 ageretur,
761 1659 866 1698 omnes·

74 1735 128 1788 que
139 1719 295 1786 signatores
305 1715 365 1783 lege
376 1715 505 1768 Cornelia
513 1723 680 1783 tenerentur,
694 1735 750 1771 uon
760 1717 867 1771 tanturn

73 1795 147 1846 duas
155 1790 288 1856 tabellas,
304 1791 505 1843 damnatoriam
515 1798 543 1843 et
553 1792 764 1857 absolutorium,
785 1791 868 1844 simul

73 1865 307 1936 cognoscentibus
317 1863 404 1926 dedit3
418 1863 467 1916 sed
476 1867 585 1917 tertiam
596 1881 713 1935 quoque,
725 1881 780 1934 qua
788 1867 867 1934 igno·

72 1945 199 1994 seeretur
206 1940 252 2002 ils,
263 1953 333 2006 quos
342 1937 439 1991 fraude
450 1939 485 1989 ad
495 1940 656 2008 signandum
670 1940 715 1992 vel
724 1955 817 1992 errore
826 1940 867 1990 in·

73 2015 175 2068 ductos
190 2013 367 2065 constitisset.
404 2013 609 2081 Appellationes
624 2013 771 2081 quotannis
784 2014 866 2065 urba·

72 2104 174 2144 norum
189 2087 299 2155 quidem
319 2087 489 2155 litigatorum
503 2087 643 2155 praelecto
658 2087 803 2154 delegabat
816 2087 866 2139 Ur·

71 2163 130 2228 bis3
152 2169 183 2214 at
197 2161 612 2232 provincialiumxconsularibus
626 2154 706 2225 i'rirls,
728 2177 797 2228 quos
811 2161 866 2214 sin·

71 2236 866 2376 ‘dimittittttttttitiittitittit.

10 2443 11 2448 ,
69 2401 122 2454 gro
134 2384 239 2448 sanxit,
249 2388 280 2434 ut
290 2385 496 2451 sumptuariam,
508 2383 542 2435 de
552 2383 695 2436 adulteriis
705 2391 732 2437 et
743 2386 777 2438 de
785 2385 865 2453 pudi-

71 2461 154 2524 citia,
176 2458 211 2509 do
227 2457 344 2522 ambitu,
363 2458 398 2509 de
415 2457 578 2508 maritandis
596 2457 747 2512 ordinibus.
786 2459 866 2510 lianc

10 2565 11 2580 ,
70 2550 157 2604 quum
174 2532 318 2598 aliquanto
334 2533 453 2584 serenus
468 2545 550 2599 quam
565 2539 670 2584 ceteras
686 2533 865 2593 emendasset,

70 2623 139 2677 prae
154 2605 277 2660 tumultu
289 2606 474 2660 renuentium
486 2603 607 2674 perferre
620 2622 675 2664 uon
690 2607 794 2678 potuim
813 2605 866 2657 nisi
