1986 2960
125 132 173 186 lit
399 137 425 182 C.
450 135 640 184 sunronn
697 163 700 169 ι

122 255 349 326 EquitiRomano
359 257 542 310 iurisiurandi
551 257 668 324 gratiam
679 255 753 322 fecit,
762 262 793 308 ut
802 271 916 312 uxorem

83 340 86 345 '
121 333 151 384 iu
163 339 257 400 stupro
268 331 364 399 generi
375 338 542 400 compertam
553 331 710 394 dimitteret,
717 347 799 398 quam
809 347 838 384 se
848 349 914 385 nun-

123 421 204 474 qnam
214 407 422 473 repudiaturum
433 411 495 456 ante
505 407 654 457 iuraverat.
687 405 817 458 Feminae
827 406 914 461 lamo·

41 541 45 546 .
121 495 181 544 sae,
201 486 233 531 ut
243 481 278 531 ad
289 479 431 532 evitandas
442 479 532 549 legum
547 490 651 546 poenas
665 479 725 530 iure
737 495 769 530 ac
780 479 913 548 dignitate

122 554 271 606 matronali
281 554 493 617 exsolverentur,
505 553 672 604 lenocinium
682 554 808 620 profiteri
813 571 912 622 *coepe-

121 635 195 679 rant:
216 634 244 679 et
254 643 287 680 ex
296 629 436 679 iuventute
445 629 589 693 utriusque
604 627 709 678 ordinis
720 627 912 695 profligatissi-

120 717 179 752 mus
191 703 319 770 quisque,
341 717 394 769 quo
410 701 499 754 minus
512 702 542 753 in
557 715 642 769 opera
652 717 749 753 scenae
760 717 913 770 arenaeque

119 775 226 827 edenda
240 782 351 826 senatus
366 775 492 827 consulto
511 777 680 840 tenerentur,
700 774 803 828 famosi
814 777 914 830 iudicii

119 856 214 900 notam
224 855 321 917 sponte
332 849 471 901 subibant.
500 849 557 902 Eos
568 865 669 917 easque
680 864 782 914 omnes,
793 865 827 902 ne
838 853 913 917 quod

118 923 253 990 refugium
263 923 292 974 in
302 922 354 974 tali
363 922 460 976 frande
472 925 598 992 cuiquam
609 929 688 989 essct,
700 924 798 976 exsilio
810 923 912 979 affecit.

119 995 248 1049 Senatori
257 997 342 1048 latum
354 997 460 1052 clavum
472 998 585 1062 ademit,
602 1013 685 1066 quum
695 1003 849 1065 cognosset,
861 1001 913 1052 sub
982 995 983 998 ’

117 1069 348 1122 Kalendaslulias
359 1071 526 1140 demigrasse
536 1073 565 1123 in
576 1071 680 1137 hortos,
691 1088 746 1140 quo
756 1074 838 1126 vilius
848 1081 912 1140 post

118 1145 191 1197 diem
201 1143 321 1198 aedesio
331 1145 404 1198 Urbe
415 1147 587 1198 conduceret.
625 1147 716 1198 Alium
727 1153 754 1198 et
765 1154 913 1214 quaestura

119 1221 250 1284 senserit,
272 1220 347 1286 quod
360 1235 488 1286 uxorem,
508 1217 598 1290 piidic
620 1222 767 1274 sortitione
792 1222 911 1288 ductam,
982 1241 983 1254 ³

117 1295 253 1361 postridie
263 1294 444 1363 repudiasset.

175 1407 302 1460 XXXVl.
320 1407 459 1462 Entemas
469 1411 914 1481 caerimonias,Aegyptiosludai·
982 1429 984 1486 ζ

118 1497 220 1549 cosque
230 1483 300 1534 ritus
311 1487 494 1552 compescuit;
518 1487 635 1550 coactis,
657 1485 914 1556 qui'superstitione
983 1493 984 1510 ¹

117 1570 151 1607 ea
169 1557 346 1622 tenebantur,
369 1559 517 1627 religiosas
540 1567 630 1612 vestes
650 1575 711 1610 cum
729 1563 912 1613 instrumento
983 1607 984 1612 ,

118 1631 194 1682 omni
208 1632 376 1684 comburere.
414 1633 579 1687 ludaeorum
592 1635 759 1684 iuventutem
778 1650 828 1700 per
851 1650 913 1700 spe-

118 1704 187 1754 ciem
197 1707 364 1757 sacramenti
372 1708 402 1758 in
412 1709 569 1775 provincias
582 1707 719 1773 gravioris
734 1707 807 1778 coeli
817 1706 912 1758 distri-

117 1779 189 1830 buit:
209 1779 332 1846 reliquos
342 1783 431 1847 gentis
441 1782 575 1846 eiusdem,
595 1779 639 1831 vel
653 1779 755 1829 similia
765 1785 913 1845 sectantes,

117 1853 190 1905 Urbe
201 1855 359 1920 summovit,
370 1856 422 1907 snb
431 1871 522 1923 poena
531 1859 677 1922 perpetuae
688 1853 841 1919 seruitutis,
856 1850 914 1908 nisi

118 1928 361 1995 obtemperassent.
399 1929 514 1995 Expulit
528 1923 785 1978 etmathematicos:
806 1929 854 1980 sed
866 1929 913 1980 de-

117 2003 306 2068 precantibus,
315 2062 319 2069 ,
328 2011 361 2055 ac
375 2018 404 2055 se
419 2008 507 2054 artem
525 1999 662 2078 desituros
678 2001 913 2067 promittentibus,

116 2077 225 2128 veniam
233 2076 319 2129 dedit.

173 2183 314 2238 XXXVll.
334 2185 366 2237 ln
380 2183 477 2251 primis
491 2181 609 2234 mendae
623 2183 702 2250 pacis
718 2199 735 2234 a
744 2185 915 2252 grassaturis

118 2273 151 2310 ac
165 2257 321 2312 latrociniis
335 2259 555 2324 seditionumque
570 2257 683 2310 licentia
697 2274 791 2311 curam
806 2257 915 2312 habuit.

119 2331 259 2384 stationes
279 2333 397 2386 militum
416 2348 465 2401 per
478 2331 588 2384 ltaliam
607 2333 692 2386 solito
711 2332 915 2401 frequentiores

92 2411 93 2416 ’
116 2405 263 2472 disposuit.
301 2407 407 2460 Romae
418 2413 510 2460 castra
521 2407 676 2473 constituit,
692 2410 792 2476 quibus
802 2414 913 2475 praetc-

91 2489 94 2494 ·
114 2479 211 2530 rianae
222 2477 358 2544 cohortes,
364 2497 452 2548 vagae
463 2487 527 2535 ante
536 2482 566 2533 id
575 2489 682 2550 tempus
693 2489 721 2534 et
730 2499 779 2550 per
789 2482 916 2549 hospitia

116 2551 266 2618 dispersae,
278 2555 493 2608 continerentur.
526 2555 679 2623 Populares
689 2556 821 2607 taunsdtus
833 2571 915 2609 exor-

115 2631 160 2677 tos
170 2626 332 2693 gravissime
343 2629 478 2694 coercuit,
494 2636 534 2694 et,
548 2645 582 2682 ne
594 2629 744 2703 orirentur,
759 2629 855 2684 sedulo
868 2645 915 2683 aa·
