1992 2962
180 179 186 186 ἱ
251 113 450 163 cnuunrus.
486 113 699 160 onum-29.
826 111 875 164 215

79 253 133 308 per
143 237 300 307 spectaerda
310 237 415 305 gremio
427 241 552 288 autante
567 252 596 287 se
610 235 743 300 retinens,
765 238 876 290 assidue
950 263 951 268 κ

80 311 305 376 commendabat,
325 311 479 378 faustisque
494 311 631 374 ominibus
646 325 708 360 cum
723 311 874 364 acclaman-

78 389 152 438 tium
161 387 244 438 turba
257 386 484 453 prosequebatur.
522 384 545 434 Ε
559 383 666 451 generis
676 382 813 436 Neronem
827 386 875 436 ad-

77 461 201 528 optavit:
231 459 393 527 Pompeium
413 461 495 526 atquc
515 458 639 511 Silanum
661 472 717 510 non
734 460 874 511 recusavit

77 535 174 599 modo,
185 535 233 586 sed
244 541 271 587 et
280 533 425 586 interemit.

136 607 262 660 XXVlll.
282 608 458 660 Libertorum
469 607 614 674 praecipue
625 605 873 674 suspexitPosiden

79 683 244 748 spadonem,
266 699 346 749 quem
365 683 449 734 etiam
460 681 621 733 Britannico
641 678 781 748 triumpho
800 683 873 734 inter

1 785 4 798 ·
79 756 214 808 militares
227 757 303 808 viros
318 755 398 808 basta
412 771 482 824 pura
496 756 622 808 donavit:
641 757 790 808 necminus
799 755 871 808 Feli·

80 846 154 895 cem,
166 823 244 898 quem
256 829 415 884 cohortibus
430 837 458 882 et
468 829 520 884 alis
531 830 743 899 provinciaeque
752 830 871 883 iudaeae

71 906 238 973 proposuit,
253 907 337 956 trium
346 905 502 973 reginei-mn
516 905 656 959 merium:
676 905 871 973 etArpocram,

80 979 127 1030 cui
136 979 235 1031 lectica
244 995 292 1046 per
298 981 398 1032 Urbem
408 977 532 1042 vehendi,
544 977 753 1046 spectaculaque
763 979 873 1045 publice

80 1051 181 1105 edendi
190 1053 233 1104 ius
242 1054 353 1105 tribuit:
374 1069 407 1106 ae
420 1067 503 1120 super,
517 1051 567 1104 hos
576 1051 725 1120 ,Polybirun
737 1053 872 1118 astudiis,

81 1127 131 1196 qui
145 1141 226 1193 saepe
240 1127 312 1179 inter
325 1127 395 1180 duos
410 1126 536 1180 consules
551 1127 721 1178 ambulabat:
747 1127 795 1180 sed
809 1132 873 1180 ante

81 1215 176 1252 omnes
186 1201 345 1252 Narcissum
356 1203 390 1252 ab
402 1200 539 1268 epistolis,
561 1205 588 1251 et
596 1198 750 1255 Pallantem
760 1202 872 1261 aratio·

2 1289 4 1342 ζ
78 1275 174 1337 nibus3
195 1290 266 1348 quos
280 1275 389 1328 decreto
409 1291 518 1343 quoque
537 1279 647 1326 senatus
666 1289 721 1326 non
741 1276 871 1342 praemiis

2 1401 3 1404 ,
79 1348 163 1402 modo
184 1349 354 1416 ingentibus,
373 1351 471 1402 sedet
490 1348 655 1416 quaestoriis
669 1349 870 1416 praetoriisque
893 1381 897 1389 ι

2 1435 3 1440 ’
81 1425 248 1476 ornamentis
258 1423 391 1477 honorari
400 1425 488 1476 libens
498 1438 596 1490 passus
607 1428 660 1486 est,
675 1429 782 1475 tantum
792 1439 869 1490 prae·

79 1505 156 1549 terea
167 1500 308 1566 acquirere
318 1506 346 1551 et
353 1513 462 1565 rapere,
482 1504 525 1563 ut,
547 1502 676 1566 querente
687 1512 719 1549 eo
732 1497 869 1565 quondam

81 1571 114 1622 de
125 1571 185 1624 fisci
194 1574 353 1640 exiguitate,
358 1588 414 1624 non
426 1571 543 1624 absurde
552 1573 591 1624 sit
600 1571 712 1636 dictum,
723 1571 869 1624 abundatu-

79 1659 146 1709 rum,
158 1645 207 1697 sia
218 1647 315 1698 duobus
324 1647 424 1699 libertis
433 1647 462 1699 s'n
471 1645 631 1699 consortium
640 1644 808 1713 reciperetur.

133 1721 235 1772 XXlX.
254 1721 319 1785 His,
334 1728 367 1772 ut
376 1722 445 1787 dixi,
460 1720 648 1788 moribusque
659 1720 798 1785 addictus,
813 1735 870 1772 uon

79 1795 230 1862 principem
240 1811 277 1859 se,
289 1797 337 1846 sed
347 1795 500 1847 ministrum
510 1796 575 1862 egit.
600 1793 768 1860 compendio
775 1795 869 1846 cuius·

79 1883 131 1936 que
150 1867 260 1933 horum,
280 1869 325 1924 vel
339 1870 422 1921 etiam
437 1870 529 1922 studio
546 1885 578 1920 ac
593 1868 720 1932 libidine,
740 1865 868 1932 honores,

78 1943 221 2006 exercitus,
232 1945 425 2011 impunitates,
434 1944 570 2010 supplicia
580 1942 697 2010 largitus
707 1949 760 2006 est,
771 1944 868 2009 etqui·

78 2017 139 2085 dem
148 2018 267 2070 insciens
277 2018 437 2085 plerumque
451 2025 478 2070 et
491 2019 614 2085 ignarus.
651 2017 690 2068 Ac
700 2031 733 2068 ne
744 2016 867 2084 singilla-

76 2092 124 2142 tim
135 2092 249 2143 minima
259 2107 382 2160 quaeque
393 2109 558 2156 enumerem,
573 2097 716 2143 revocatas
726 2091 868 2144 libertates

76 2167 147 2230 eius,
167 2166 272 2218 iudicia
286 2168 416 2232 rescissa,
436 2167 595 2234 suppositos
611 2165 756 2218 autetiam
774 2165 868 2234 palam
961 2197 964 2208 .

76 2241 235 2292 immutatos
255 2241 383 2292 datorum
398 2243 552 2293 officiorum
568 2240 727 2303 codicillos3
750 2241 868 2308 Appium
936 2233 941 2240 ’

77 2313 200 2366 Silanum
211 2330 389 2367 consocerum
399 2329 486 2378 suum,
493 2315 640 2381 Iuliasque,
652 2313 767 2365 alteram
772 2314 866 2377 Drusi,

77 2387 192 2440 alteram
197 2389 354 2442 Germanici
363 2389 457 2453 liliam,
469 2389 581 2440 crimine
591 2388 705 2451 incerto,
716 2403 767 2440 nee
777 2387 868 2440 defen·

75 2463 152 2515 sione
161 2462 220 2513 ulla
231 2464 308 2528 data,
321 2464 435 2515 occidit:
454 2463 520 2514 item
531 2463 580 2512 Cn.
591 2458 766 2528 Pompeium,
781 2463 868 2514 maio·
907 2513 922 2542 s

74 2537 112 2590 ris
123 2537 197 2589 filiae
206 2539 304 2602 virum,
315 2545 343 2590 et
352 2537 385 2589 Is.
398 2537 529 2600 Silanum,
541 2535 656 2586 minoris
666 2550 805 2601 sponsum.
825 2535 868 2587 Ex

75 2611 173 2680 qubus
188 2608 336 2682 Pompeius
349 2615 379 2666 in
392 2612 541 2666 concubitu
556 2609 651 2662 dilecti
670 2609 869 2664 adolescentuli
