1964 2970
119 55 152 112 st
397 57 424 104 c.
446 43 632 116 sunronu

121 181 170 235 diu
178 180 223 234 vel
231 183 312 233 nocte
322 177 515 243 subnshebst3
530 169 702 248 augebatque
712 180 774 246 iter,
785 187 818 232 ut
827 183 918 234 scrius

121 254 316 326 subsequentes
326 253 499 322 defatigaret.
970 257 971 260 ’

176 328 275 380 LXVI.
295 328 383 379 Fumo
395 343 461 379 vero
476 325 619 377 hostilium
634 327 776 392 copiarum
787 329 918 394 perterri-
970 383 971 386 Ἴ

120 410 165 456 tos
178 418 235 456 non
248 400 375 469 negando
390 399 583 464 minuendave,
604 399 653 450 sed
666 399 779 467 insuper
799 395 917 467 ampliti-

122 476 210 532 ccndc
231 474 457 542 ementiendoque
478 473 668 525 confirmabat.
710 473 807 541 ltaque
832 489 918 543 quum
970 533 971 542 ἶ

121 551 290 618 exspectatio
302 548 434 601 adventus
444 547 530 599 lubae
539 547 673 598 terribilis
683 552 768 612 esset,
781 563 918 600 convoca-

119 626 157 677 tis
168 624 204 676 ad
214 625 374 678 concionem
384 623 532 685 militibus,
545 619 656 684 Scitote,
671 621 774 688 inquit,
785 621 918 688 paucissi-

121 699 171 750 mis
181 697 223 750 lis
233 697 323 750 dietus
333 711 422 766 regem
432 693 581 764 offuturum
595 709 654 746 cum
665 695 751 746 decem
762 694 917 764 legionibus,
970 725 971 734 κ

122 772 238 840 equitum
248 770 371 840 triginta,
383 768 444 822 lesio
454 777 607 840 ornaturae
621 765 724 820 eentum
735 767 855 831 millibus,
868 771 918 821 ele·
970 781 971 786 ’

117 845 228 914 ploretis
238 843 368 897 trecentis.
408 841 525 894 Proinde
540 842 660 894 desinunt
674 841 781 908 qnidam
791 858 919 910 quaerere

120 921 192 972 ulma
202 927 251 970 out
260 916 372 986 opinari,
384 915 513 984 miliique,
529 916 576 983 qui
585 925 744 983 compertum
754 915 848 980 luico,
861 934 918 969 cre·
970 943 971 968 ;

121 995 200 1046 dont:
210 1000 259 1044 out
268 984 378 1058 quidem,
389 989 565 1043 esturmenta
575 1006 639 1042 uoce
649 989 789 1057 impositos,
802 1005 918 1058 quocun-

121 1075 255 1136 querceto
265 1066 294 1118 iu
303 1080 470 1133 quoscunque
480 1073 565 1116 terrm
575 1063 667 1116 iubebo
677 1063 761 1116 coeli.

69 1191 71 1196 .
176 1140 289 1194 LXVII.
309 1140 421 1192 Delicta
430 1154 518 1212 neque
530 1139 696 1191 observabat
707 1139 813 1204 omnis,
827 1153 919 1206 neque
970 1169 971 1198 1

121 1232 172 1285 pro
184 1215 268 1268 modo
280 1214 492 1282 exsequebenrr3
517 1212 566 1264 sed
577 1212 747 1265 desertorum
758 1229 791 1264 ae
801 1213 919 1266 seditio-

122 1306 216 1343 sorum
232 1296 259 1342 et
273 1290 422 1357 inquisitor
440 1293 468 1340 et
480 1287 594 1354 punitor
610 1287 772 1351 acerrimus,
789 1289 919 1340 connire·
970 1291 971 1350 i

121 1366 170 1417 bat
183 1363 213 1415 in
228 1365 334 1416 ceteris.
372 1363 411 1413 dc
429 1376 625 1429 nonnunquam
644 1367 709 1428 post
726 1377 853 1429 magnam
867 1377 920 1429 pu.
970 1399 971 1402 ,

122 1452 205 1506 gnam
220 1444 301 1505 atque
315 1435 474 1500 victoriam,
495 1436 610 1488 remisso
627 1435 780 1495 officionrm
795 1449 920 1504 munere,
970 1437 971 1482 t

122 1511 266 1563 licentiam
286 1525 392 1562 omnem
417 1509 522 1575 passim
545 1508 709 1562 lasciviendi
732 1509 920 1576 permittebat,
970 1483 971 1576 i

121 1587 229 1638 iactare
247 1583 360 1648 solitus,
380 1581 475 1634 milites
490 1597 549 1634 suos
563 1581 643 1634 edom
657 1591 835 1653 unguentatos
854 1582 921 1636 bene
970 1581 971 1600 ¹

111 1675 243 1729 ¹pugnare
257 1673 348 1726 posse:
377 1655 541 1726 necnu'liteo
559 1672 608 1708 eos
627 1673 678 1724 pro
701 1659 847 1722 concione,
868 1659 922 1710 sed
970 1675 971 1716 l

122 1733 264 1785 blandiori
276 1730 386 1784 nomine
395 1729 581 1804 commilitones
597 1731 767 1799 appellabat:
786 1729 922 1783 habebat·

123 1823 175 1878 que
185 1812 243 1870 tam
254 1805 355 1870 cultos,
374 1811 407 1856 ut
421 1812 533 1872 argento
550 1810 577 1858 et
592 1821 662 1858 auro
671 1806 766 1874 politis
778 1807 862 1856 armis
874 1821 921 1858 or·
970 1817 971 1874 ᾗ

122 1887 215 1946 naret,
229 1879 313 1935 simul
322 1886 350 1932 et
360 1879 396 1930 ad
405 1881 536 1947 speciem,
552 1885 580 1931 et
590 1895 645 1946 quo
655 1881 810 1932 tenaciores
820 1895 922 1934 eorum
970 1879 971 1888 ’

122 1953 568 2024 inproelioessentmetudsmni.
592 1954 742 2022 ¹Diligebat
752 1969 861 2021 quoque
871 1969 921 2006 us-

75 2055 77 2058 ·
124 2046 176 2098 que
187 2029 271 2095 odeo,
291 2035 323 2082 ut
337 2027 437 2090 audita,
448 2027 525 2080 clade
540 2028 688 2079 Tituriana
702 2029 817 2080 barbam
832 2029 921 2096 copil.
970 2037 971 2040 ¹

123 2105 238 2172 lumque„
243 2103 417 2168 summiserit,
428 2108 552 2156 nocente
563 2101 722 2170 dempserit,
735 2117 816 2170 quam
827 2102 920 2154 vindi·
970 2113 971 2204 p

124 2185 223 2232 cesset.
260 2179 367 2240 Quibm
380 2178 462 2230 rebus
477 2182 504 2228 et
518 2175 710 2230 devotissimos
721 2177 777 2228 sibi
786 2183 813 2228 et
822 2173 920 2228 fortis.
970 2207 971 2218 ,

124 2253 211 2305 simos
221 2252 351 2305 reddidit.
500 2278 502 2282 ·
970 2219 971 2314 i

179 2325 304 2378 vam.
324 2325 452 2392 Ingresso
467 2323 546 2375 ciuile
560 2324 663 2376 bellum
678 2325 852 2376 centuriones
872 2340 920 2394 cu7
970 2329 971 2412 p

110 2395 221 2470 'iusque
235 2400 353 2467 legionis
368 2398 493 2464 sinendos
506 2399 611 2464 equites
626 2414 641 2450 e
655 2398 758 2449 viatico
774 2413 824 2449 suo
838 2397 920 2465 obtu-
970 2415 971 2462 q

123 2475 226 2526 lenmt:
249 2473 371 2526 rmiversi
384 2472 485 2523 milites
499 2473 690 2538 gratuitamet
704 2472 763 2522 sine
778 2470 919 2524 frumento
970 2463 971 2528 i

125 2547 316 2616 stipendioque
328 2559 537 2614 operom‚quum
548 2545 705 2597 tenuiorum
714 2544 829 2596 tutelam
839 2546 919 2598 locu·
970 2551 971 2578 ³
