1992 2962
320 120 431 168 nuno.
467 119 662 167 car.r-11.
833 115 885 172 ιιι

1 277 2 292 ι
91 244 199 298 Divisis
213 244 316 313 populo
330 245 434 296 viritim
448 242 643 312 quadringenis
662 243 793 308 nummis,
808 259 885 297 sena-

90 329 185 373 torum
195 319 369 370 nobilissimo
382 319 491 385 cuique,
503 317 551 370 sed
562 333 579 368 a
588 333 617 368 re
628 316 762 368 familiari
772 318 884 371 destitu-

92 401 133 458 to,
141 409 231 444 annua
241 393 357 457 salaria,
369 398 397 444 ct
407 392 569 460 quibusdam
581 392 718 459 quingena
728 392 884 444 constitnit=

92 470 159 521 item
169 467 353 536 praetorianis
368 465 528 524 cohortibus
542 465 707 517 strumentum
717 471 884 518 menstruum

92 543 252 611 gratuitum.
290 541 326 592 Et
340 555 423 609 quum
438 540 471 592 de
486 539 621 608 supplicio
637 539 779 592 cuiusdam
794 541 885 608 capite

94 616 229 680 damnati,
253 619 285 666 ut
304 629 338 667 ex
357 630 433 666 more
452 615 647 678 susbscriberet,
672 613 883 666 admoneretur:

96 689 183 755 Quam
192 691 288 752 sellem,
299 689 401 759 inquit,
412 687 511 741 nescire
521 687 625 740 literas!
662 687 763 739 Omnes
774 688 884 740 ordines

1 773 3 783 ¹
93 762 209 816 subinde
219 778 253 814 ac
262 764 420 815 memoriter
429 762 568 814 salutarit.
597 761 695 830 rigenti
705 762 813 814 senami
822 777 884 830 gra-

37 873 38 876 *
92 838 161 901 tias,
184 837 343 906 respoudit:
376 837 463 902 Quum
481 852 608 888 meruero.
657 836 698 887 ud
718 842 884 904 campestres

93 912 304 965 exercitationes
314 925 379 962 suas
390 911 501 962 admisit
511 917 538 962 et
546 911 662 979 plebem,
669 909 886 979 declamauitque

93 987 204 1054 saepius
214 984 323 1054 publice
334 1003 341 1037 ι
361 986 487 1038 recitarit
497 990 524 1036 et
534 984 664 1049 carmina,
675 1000 731 1037 non
741 984 825 1037 modo
837 985 886 1038 do·

92 1061 144 1124 mi,
160 1060 207 1112 sed
218 1065 245 1112 et
254 1057 414 1124 intheatro
428 1064 507 1111 tanta
520 1059 710 1111 universorum
720 1058 840 1124 laetitia,
854 1064 894 1122 utv
928 1063 930 1071 ’

94 1135 132 1187 ob
145 1134 334 1186 recitationem
350 1133 515 1202 supplicatio
530 1133 640 1186 decreta
654 1133 703 1198 sit,
725 1138 806 1202 atque
819 1147 886 1202 pars

1 1235 2 1242 ι
93 1209 242 1261 carminum
255 1208 344 1260 aureis
355 1207 443 1258 literis
452 1207 513 1259 lori
520 1207 687 1296 ..Capitolino
693 1207 796 1258 dicata.

1 1328 2 1336 ,
89 1341 93 1348 ,
147 1281 196 1333 Xl
216 1281 441 1350 Spectaculorum
454 1281 574 1350 plurimu
588 1287 616 1332 ct
630 1297 708 1332 vana
717 1295 818 1349 genera
828 1281 884 1334 edi

1 1321 2 1373 3
92 1355 146 1420 dit,
160 1355 315 1420 iuvenales,
331 1355 484 1419 Circenses,
499 1355 624 1407 scenicos
639 1355 720 1407 ludos
727 1355 884 1423 ,gladiatu-

1 1449 2 1482 ι
44 1476 49 1488 ,
93 1430 163 1482 mum
177 1443 284 1482 munus
302 1409 883 1498 Iuvenalibussenesquoqueconsnlares‚

1 1501 5 1582 1
93 1519 216 1571 anusque
234 1510 375 1556 matronas
395 1504 499 1572 recepit
519 1503 554 1554 ad
569 1503 668 1555 lusum.
708 1505 882 1558 circensibus

91 1579 155 1630 loca
173 1579 260 1647 equiti
279 1584 384 1631 secreta
404 1593 421 1630 a
441 1578 538 1630 ceteris
558 1579 672 1630 triburiis
693 1580 883 1650 commisitque
953 1615 957 1621 .

92 1652 175 1708 etiam
189 1653 355 1706 camelorum
369 1653 527 1722 quadrigas.
546 1652 671 1718 ‘Ludis,
687 1669 757 1724 quos
771 1670 822 1723 pro
838 1669 884 1708 ιι-Ι

91 1725 882 1796 temitateimperiisusceptosappellariMaxs‘morvoluit,

90 1813 124 1854 ex
136 1805 254 1870 utroque
269 1802 365 1854 ordine
379 1808 407 1854 et
425 1817 492 1854 sexu
511 1802 635 1872 plerique
648 1801 770 1856 ludicras
789 1810 882 1873 partes

90 1874 286 1927 sustinuerunt.
314 1876 482 1930 Notissimus
493 1893 575 1946 eques
585 1877 725 1930 Romanus
735 1877 881 1945 elephanto

89 1949 331 2017 supersedensper
346 1949 534 2003 catadromum
555 1950 718 2003 decucurrit.
766 1951 883 2004 inducta

89 2027 131 2074 est
149 2028 177 2074 et
188 2022 296 2074 Afranii
314 2029 424 2092 togata,
445 2039 515 2092 quae
530 2022 684 2076 Incendium
702 2026 881 2090 inscribitur3

89 2111 314 2165 concessumque,
329 2104 361 2149 ut
374 2099 476 2150 scenici
486 2098 608 2150 ardentis
619 2099 716 2150 domus
725 2100 880 2167 supellecti-

88 2170 141 2221 lem
153 2169 313 2236 diriperent,
330 2187 363 2223 ac
376 2171 431 2222 sibi
445 2171 585 2225 haberent.
625 2171 728 2241 Sparsa
738 2179 765 2225 et
775 2175 879 2242 populo

87 2242 205 2295 missilia
226 2245 346 2296 omnirun
366 2259 456 2298 rerum
480 2262 530 2334 per
549 2261 643 2298 omues
663 2245 743 2310 diest
770 2247 880 2315 singula

88 2314 212 2386 quotidie
232 2317 326 2368 millia
340 2318 431 2369 arium
451 2321 582 2387 curaque
595 2319 716 2386 generis,
736 2320 880 2390 multiplex

88 2405 187 2460 penus,
201 2396 321 2443 tesserae
331 2391 538 2456 frumentanae,
549 2394 646 2457 vesus
662 2409 757 2446 aurum
763 2411 879 2462 ,argen-

86 2471 158 2529 tum,
169 2479 300 2534 gemmae,
310 2466 485 2533 margaritae,
495 2466 607 2518 tabulae
617 2468 719 2535 pictae,
730 2469 878 2535 mancipia,

86 2541 219 2606 lumenta,
235 2545 317 2609 atque
337 2541 421 2594 etiam
439 2547 597 2606 mansuetae
616 2540 711 2606 lerac3
730 2543 879 2596 novissime

86 2627 182 2682 naves,
192 2615 312 2684 insulae,
325 2616 394 2688 agri.
583 2633 586 2638 ·
