1986 2960
271 131 459 183 TIBERIUS.
496 131 565 180 cli).
582 133 663 180 2-4.
814 131 863 184 115

71 257 144 320 adeo
154 254 291 308 violentos
301 261 329 308 et
339 261 525 320 contumaees,
545 261 577 306 ut
590 269 625 307 ne
639 253 738 322 capitis
753 255 863 323 quidem

71 331 218 399 quisquam
228 344 291 382 rens
302 331 380 398 apuli
389 329 521 398 populum
531 335 637 380 mutare
646 328 749 388 vestem
759 337 807 382 aut
817 331 862 384 de-

69 404 180 473 precari
194 399 366 467 srrstihuerit;
389 404 515 456 nonnulli
528 403 556 454 in
572 403 750 456 altercatione
768 410 795 455 et
807 405 863 458 iur-

70 479 119 546 gio
129 478 256 530 tribunos
266 479 354 546 plebis
364 478 542 546 pulsaverint.
575 475 666 528 Etiam
676 475 862 544 virchesta·

70 552 107 603 lis
121 551 247 615 fratrem,
266 552 375 603 initusu
388 551 485 618 populi
502 549 727 618 triumphantem,
748 565 861 604 ascenso

71 625 155 676 simul
169 641 251 676 curru
264 641 351 694 usque
365 623 395 676 in
410 624 578 692 Capitolium
593 629 740 696 prosecuta
754 630 808 690 est,
828 641 863 678 ne

71 704 165 750 vetare
176 704 224 750 ant
233 699 400 752 intercedere
410 698 454 752 fas
466 699 593 766 cuiquam
603 699 861 752 tribunorumesset.

127 772 175 823 ill.
194 771 237 822 Ex
251 772 304 825 hac
317 774 402 840 stirpe
412 773 541 825 rliberius
552 773 655 826 Caesar
668 785 753 839 gemus
767 770 862 838 trahit,

71 845 224 913 etquidem
237 853 394 915 utrumque3
419 853 562 914 paternmn
582 861 599 898 a
613 847 727 898 Tiberio
741 846 860 910 Nerone,

6 973 7 976 ,
69 925 223 971 maternum
238 922 276 973 ab
283 921 372 989 Appio
383 919 517 985 Pulchro,
537 921 585 988 qui
596 921 676 972 ambo
687 914 770 989 Appii
781 921 863 974 Caeci

70 985 251 1047 iiliiiuerurit.
288 987 409 1047 lucerius
420 1002 462 1047 est
472 1001 499 1048 et
508 991 652 1046 Liviorum
661 994 798 1060 familiae,
814 995 861 1049 ad·

71 1072 169 1135 optato
183 1069 213 1119 in
228 1083 291 1122 eam
303 1076 433 1133 materno
442 1083 504 1121 avo.
544 1068 621 1130 Quae
635 1067 755 1132 tamilla,
776 1083 862 1137 quan·

71 1155 154 1210 quam
164 1141 285 1209 plebeia,
299 1147 391 1194 tamen
402 1144 500 1210 etipsa
511 1142 659 1194 admodum
669 1142 776 1207 ilousit,
797 1149 860 1195 octo

71 1215 274 1282 consulatibus,
290 1217 411 1270 censuris
422 1216 537 1280 duabus,
547 1213 693 1282 triumphis
703 1217 805 1280 tribus,
821 1216 861 1276 ‹li-

71 1294 179 1343 ctatura
189 1289 271 1342 etiam
283 1306 316 1343 ac
326 1291 485 1358 magisterio
501 1290 622 1356 equitum
637 1281 786 1353 boiorata3
807 1290 862 1342 ela·

69 1379 103 1416 ra
113 1368 140 1415 ct
149 1364 303 1430 insignibus
312 1365 394 1430 viris,
409 1379 443 1418 ac
455 1364 574 1416 maxime
584 1353 741 1416 Salinatore
750 1363 862 1416 Drusis·
919 1355 923 1364 ’

68 1451 132 1506 que.
172 1436 313 1491 Salinator
326 1439 468 1490 universas
481 1438 570 1489 tribus
583 1437 613 1488 in
628 1453 743 1490 censura
755 1439 864 1492 notavit

69 1511 191 1565 levitatis
201 1514 319 1577 nomine,
331 1511 419 1580 qnod,
430 1527 512 1579 quum
523 1527 552 1564 se
561 1516 626 1579 post
634 1513 754 1579 priorem
765 1525 862 1564 consu·
929 1517 935 1522 '

68 1586 156 1637 latum
166 1585 269 1640 mulcta
278 1588 403 1654 irrogata
413 1585 650 1651 condemnassent,
663 1586 802 1638 consulem
811 1587 862 1638 ite·

69 1659 131 1711 min
145 1659 345 1728 Censoremque
354 1660 491 1713 fecissent.
531 1659 651 1725 Drusus,
662 1659 782 1714 hostium
792 1659 862 1713 duce

70 1733 181 1786 Drauso
193 1735 317 1787 cominus
326 1734 479 1799 trucidato,
499 1735 555 1786 sibi
564 1735 736 1802 posterisque
746 1736 804 1786 suis
816 1750 861 1787 oo·

69 1823 188 1878 gnomen
201 1809 314 1861 invenit.
352 1809 485 1860 Traditum
505 1809 588 1872 efiam
607 1815 806 1876 propraetore
827 1822 862 1860 ex
894 1849 898 1860 .

68 1882 214 1951 provincia
224 1881 318 1934 Gallia
328 1883 454 1935 retulisse
465 1895 579 1946 aurum,
591 1881 745 1935 Senonibus
755 1882 821 1934 olim
832 1884 862 1934 in

70 1956 216 2009 obsidione
228 1957 361 2024 Capitolii
371 1957 478 2028 danim,
493 1971 555 2020 nee,
570 1961 601 2007 ut
610 1955 687 2008 fama
697 1962 749 2020 est,
771 1963 861 2010 extor-

68 2035 127 2083 tum
137 2045 155 2080 a
167 2031 293 2084 Camillo.
326 2030 396 2083 Eius
406 2032 535 2097 abnepos,
547 2031 587 2081 ob
593 2029 720 2082 eximiam
732 2028 862 2093 adversus

71 2102 212 2157 Gracchos
223 2120 335 2172 operam
342 2113 472 2172 patronus
486 2113 591 2156 amatus
607 2103 708 2168 ιῖιιιιι,
724 2103 810 2154 filium
821 2119 862 2154 re·

70 2177 164 2247 liquit,
186 2194 278 2246 quem,
298 2177 328 2230 in
342 2179 428 2230 simili
442 2178 613 2230 dissensione
622 2177 709 2228 multa
718 2178 795 2228 varie
805 2192 862 2229 mo-

70 2250 189 2316 lientem,
201 2252 310 2304 diversa
318 2252 405 2305 factio
416 2268 466 2320 per
474 2251 598 2304 fraudem
608 2251 754 2302 interemit.

124 2325 172 2377 IV.
192 2325 276 2378 Pater
294 2342 367 2378 vero
380 2327 499 2390 Tibenli,
524 2324 704 2393 quaestori).
726 2325 862 2390 Caesaris,

71 2398 255 2452 Alexandrino
270 2401 343 2453 bello
360 2400 443 2452 classi
456 2399 644 2468 praepositus,
664 2399 811 2466 plurimum
827 2399 864 2450 ad

70 2473 216 2526 victoriam
232 2474 358 2526 contulit
398 2474 489 2535 Quare
504 2479 536 2524 et·
545 2471 670 2540 pontifex
683 2474 713 2525 in
728 2473 818 2526 locum
830 2472 861 2522 P.

73 2542 397 2615 Scipionisaubstituuu,
419 2547 495 2598 etad
510 2545 863 2599 deducendnsuneuslliam

75 2621 210 2687 colonias,
224 2622 254 2674 in
265 2628 326 2690 quis
335 2621 430 2674 Narbo
441 2619 586 2674 ethrelate
597 2626 686 2686 erant,
701 2621 801 2674 missus
812 2626 858 2672 est.

606 2713 656 2760 fla
