<?xml version="1.0" encoding="UTF-8"?>
<!DOCTYPE html PUBLIC "-//W3C//DTD XHTML 1.0 Transitional//EN"
    "http://www.w3.org/TR/xhtml1/DTD/xhtml1-transitional.dtd">
<html xmlns="http://www.w3.org/1999/xhtml" xml:lang="en" lang="en">
 <head>
  <title>
</title>
<meta http-equiv="Content-Type" content="text/html;charset=utf-8" />
  <meta name='ocr-system' content='tesseract 3.04.00' />
  <meta name='ocr-capabilities' content='ocr_page ocr_carea ocr_par ocr_line ocrx_word'/>
</head>
<body>
  <div class='ocr_page' id='page_1' title='image "./csuetoniitranqu00weisgoog_0130.png"; bbox 0 0 1986 2960; ppageno 0'>
   <div class='ocr_carea' id='block_1_1' title="bbox 117 109 630 164">
    <p class='ocr_par' dir='ltr' id='par_1_1' title="bbox 117 109 630 164">
     <span class='ocr_line' id='line_1_1' title="bbox 117 109 630 164; baseline -0.006 -1"><span class='ocrx_word' id='word_1_1' title='bbox 117 109 166 164; x_wconf 82' lang='lat'><strong>118</strong></span> <span class='ocrx_word' id='word_1_2' title='bbox 391 113 418 160; x_wconf 82' lang='lat'><strong>0.</strong></span> <span class='ocrx_word' id='word_1_3' title='bbox 445 111 630 162; x_wconf 81' lang='lat' dir='ltr'><strong>SUE&#39;I&#39;ONll</strong></span> 
     </span>
    </p>
   </div>
   <div class='ocr_carea' id='block_1_2' title="bbox 111 211 907 453">
    <p class='ocr_par' dir='ltr' id='par_1_2' title="bbox 111 211 907 453">
     <span class='ocr_line' id='line_1_2' title="bbox 114 211 907 307; baseline 0.005 -19"><span class='ocrx_word' id='word_1_4' title='bbox 114 235 173 288; x_wconf 89' lang='lat' dir='ltr'><strong>lilio</strong></span> <span class='ocrx_word' id='word_1_5' title='bbox 183 233 289 299; x_wconf 84' lang='lat' dir='ltr'><strong>Druso,</strong></span> <span class='ocrx_word' id='word_1_6' title='bbox 301 249 456 304; x_wconf 82' lang='lat' dir='ltr'><strong>quanquam</strong></span> <span class='ocrx_word' id='word_1_7' title='bbox 466 236 534 288; x_wconf 86' lang='lat' dir='ltr'><strong>bene</strong></span> <span class='ocrx_word' id='word_1_8' title='bbox 545 235 747 289; x_wconf 85' lang='lat' dir='ltr'><strong>convenientem</strong></span> <span class='ocrx_word' id='word_1_9' title='bbox 757 211 907 307; x_wconf 73' lang='lat' dir='ltr'><strong>rursusque</strong></span> 
     </span>
     <span class='ocr_line' id='line_1_3' title="bbox 112 309 906 378; baseline 0.003 -16"><span class='ocrx_word' id='word_1_10' title='bbox 112 309 268 378; x_wconf 78' lang='lat' dir='ltr'><strong>gravidam,</strong></span> <span class='ocrx_word' id='word_1_11' title='bbox 280 309 429 373; x_wconf 82' lang='lat' dir='ltr'><strong>dimittere,</strong></span> <span class='ocrx_word' id='word_1_12' title='bbox 446 324 478 361; x_wconf 93' lang='lat' dir='ltr'><strong>ac</strong></span> <span class='ocrx_word' id='word_1_13' title='bbox 487 309 599 375; x_wconf 80' lang='lat' dir='ltr'><strong>lulium,</strong></span> <span class='ocrx_word' id='word_1_14' title='bbox 609 310 726 377; x_wconf 79' lang='lat' dir='ltr'><strong>Augusti</strong></span> <span class='ocrx_word' id='word_1_15' title='bbox 735 311 830 378; x_wconf 77' lang='lat' dir='ltr'><strong>filiani,</strong></span> <span class='ocrx_word' id='word_1_16' title='bbox 842 327 906 366; x_wconf 89' lang='lat' dir='ltr'><strong>con·</strong></span> 
     </span>
     <span class='ocr_line' id='line_1_4' title="bbox 111 382 906 453; baseline 0.005 -19"><span class='ocrx_word' id='word_1_17' title='bbox 111 382 205 436; x_wconf 86' lang='lat' dir='ltr'><strong>iestim</strong></span> <span class='ocrx_word' id='word_1_18' title='bbox 220 389 333 436; x_wconf 69' lang='lat' dir='ltr'><strong>cosmus</strong></span> <span class='ocrx_word' id='word_1_19' title='bbox 347 389 389 435; x_wconf 89' lang='lat' dir='ltr'><strong>est</strong></span> <span class='ocrx_word' id='word_1_20' title='bbox 403 383 514 446; x_wconf 89' lang='lat' dir='ltr'><strong>ducere;</strong></span> <span class='ocrx_word' id='word_1_21' title='bbox 538 399 594 436; x_wconf 89' lang='lat' dir='ltr'><strong>non</strong></span> <span class='ocrx_word' id='word_1_22' title='bbox 609 384 667 435; x_wconf 87' lang='lat' dir='ltr'><strong>siue</strong></span> <span class='ocrx_word' id='word_1_23' title='bbox 681 399 781 453; x_wconf 87' lang='lat' dir='ltr'><strong>magno</strong></span> <span class='ocrx_word' id='word_1_24' title='bbox 802 401 906 453; x_wconf 83' lang='lat' dir='ltr'><strong>angore</strong></span> 
     </span>
    </p>
   </div>
   <div class='ocr_carea' id='block_1_3' title="bbox 7 457 906 604">
    <p class='ocr_par' dir='ltr' id='par_1_3' title="bbox 7 457 906 604">
     <span class='ocr_line' id='line_1_5' title="bbox 7 457 904 525; baseline 0.004 -17"><span class='ocrx_word' id='word_1_25' title='bbox 7 473 9 484; x_wconf 74' lang='lat'><strong>¹</strong></span> <span class='ocrx_word' id='word_1_26' title='bbox 112 457 211 521; x_wconf 85' lang='lat' dir='ltr'><strong>animi,</strong></span> <span class='ocrx_word' id='word_1_27' title='bbox 231 472 313 525; x_wconf 86' lang='lat' dir='ltr'><strong>quum</strong></span> <span class='ocrx_word' id='word_1_28' title='bbox 328 462 356 508; x_wconf 93' lang='lat' dir='ltr'><strong>et</strong></span> <span class='ocrx_word' id='word_1_29' title='bbox 365 457 532 524; x_wconf 73' lang='lat' dir='ltr'><strong>Agrippinae</strong></span> <span class='ocrx_word' id='word_1_30' title='bbox 547 458 744 511; x_wconf 85' lang='lat' dir='ltr'><strong>consuetudine</strong></span> <span class='ocrx_word' id='word_1_31' title='bbox 757 465 904 524; x_wconf 82' lang='lat' dir='ltr'><strong>teneretm,</strong></span> 
     </span>
     <span class='ocr_line' id='line_1_6' title="bbox 17 530 906 604; baseline 0.004 -23"><span class='ocrx_word' id='word_1_32' title='bbox 17 553 18 560; x_wconf 32' lang='grc' dir='ltr'><strong>ι</strong></span> <span class='ocrx_word' id='word_1_33' title='bbox 112 537 140 582; x_wconf 88' lang='lat' dir='ltr'><strong>et</strong></span> <span class='ocrx_word' id='word_1_34' title='bbox 152 530 240 582; x_wconf 84' lang='lat' dir='ltr'><strong>lullae</strong></span> <span class='ocrx_word' id='word_1_35' title='bbox 253 544 345 582; x_wconf 79' lang='lat' dir='ltr'><strong>atores</strong></span> <span class='ocrx_word' id='word_1_36' title='bbox 358 530 542 604; x_wconf 71' lang='lat' dir='ltr'><strong>improbaret,</strong></span> <span class='ocrx_word' id='word_1_37' title='bbox 562 537 594 583; x_wconf 91' lang='lat' dir='ltr'><strong>ut</strong></span> <span class='ocrx_word' id='word_1_38' title='bbox 613 547 696 600; x_wconf 87' lang='lat' dir='ltr'><strong>quam</strong></span> <span class='ocrx_word' id='word_1_39' title='bbox 714 533 844 586; x_wconf 71' lang='lat' dir='ltr'>sensisset</span> <span class='ocrx_word' id='word_1_40' title='bbox 861 534 906 585; x_wconf 86' lang='lat' dir='ltr'><strong>sui</strong></span> 
     </span>
    </p>
   </div>
   <div class='ocr_carea' id='block_1_4' title="bbox 107 604 911 1192">
    <p class='ocr_par' dir='ltr' id='par_1_4' title="bbox 107 604 911 1188">
     <span class='ocr_line' id='line_1_7' title="bbox 111 604 906 675; baseline 0.006 -21"><span class='ocrx_word' id='word_1_41' title='bbox 111 618 222 673; x_wconf 86' lang='lat' dir='ltr'><strong>qnoque</strong></span> <span class='ocrx_word' id='word_1_42' title='bbox 241 605 292 655; x_wconf 88' lang='lat' dir='ltr'><strong>sub</strong></span> <span class='ocrx_word' id='word_1_43' title='bbox 311 604 405 671; x_wconf 84' lang='lat' dir='ltr'><strong>priore</strong></span> <span class='ocrx_word' id='word_1_44' title='bbox 423 606 525 657; x_wconf 84' lang='grc' dir='ltr'><strong>ιιιιιιιιο</strong></span> <span class='ocrx_word' id='word_1_45' title='bbox 545 611 730 674; x_wconf 74' lang='lat' dir='ltr'><strong>appetentem,</strong></span> <span class='ocrx_word' id='word_1_46' title='bbox 750 606 824 675; x_wconf 80' lang='lat' dir='ltr'><strong>qiiod</strong></span> <span class='ocrx_word' id='word_1_47' title='bbox 839 606 906 659; x_wconf 84' lang='lat' dir='ltr'><strong>sane</strong></span> 
     </span>
     <span class='ocr_line' id='line_1_8' title="bbox 110 677 911 748; baseline 0.006 -20"><span class='ocrx_word' id='word_1_48' title='bbox 110 677 194 746; x_wconf 77' lang='lat' dir='ltr'><strong>vrilgo</strong></span> <span class='ocrx_word' id='word_1_49' title='bbox 205 679 290 730; x_wconf 86' lang='lat' dir='ltr'><strong>etiam</strong></span> <span class='ocrx_word' id='word_1_50' title='bbox 303 677 522 730; x_wconf 76' lang='lat' dir='ltr'><strong>existimabatur.</strong></span> <span class='ocrx_word' id='word_1_51' title='bbox 561 679 616 732; x_wconf 86' lang='lat' dir='ltr'><strong>Sed</strong></span> <span class='ocrx_word' id='word_1_52' title='bbox 625 680 804 748; x_wconf 86' lang='lat' dir='ltr'><strong>Agrippinam</strong></span> <span class='ocrx_word' id='word_1_53' title='bbox 820 686 848 732; x_wconf 91' lang='lat' dir='ltr'><strong>et</strong></span> <span class='ocrx_word' id='word_1_54' title='bbox 858 682 911 740; x_wconf 85' lang='lat' dir='ltr'><strong>ab·¹</strong></span> 
     </span>
     <span class='ocr_line' id='line_1_9' title="bbox 110 750 905 820; baseline 0.008 -19"><span class='ocrx_word' id='word_1_55' title='bbox 110 752 200 818; x_wconf 81' lang='lat' dir='ltr'><strong>egisse</strong></span> <span class='ocrx_word' id='word_1_56' title='bbox 209 758 274 820; x_wconf 88' lang='lat' dir='ltr'><strong>post</strong></span> <span class='ocrx_word' id='word_1_57' title='bbox 283 750 433 804; x_wconf 85' lang='lat' dir='ltr'><strong>divortium</strong></span> <span class='ocrx_word' id='word_1_58' title='bbox 444 752 546 817; x_wconf 83' lang='lat' dir='ltr'><strong>doluit,</strong></span> <span class='ocrx_word' id='word_1_59' title='bbox 560 754 681 806; x_wconf 77' lang='lat' dir='ltr'><strong>sesemel</strong></span> <span class='ocrx_word' id='word_1_60' title='bbox 693 755 803 817; x_wconf 80' lang='lat' dir='ltr'><strong>omuino</strong></span> <span class='ocrx_word' id='word_1_61' title='bbox 814 769 848 806; x_wconf 86' lang='lat' dir='ltr'><strong>ex</strong></span> <span class='ocrx_word' id='word_1_62' title='bbox 860 769 905 807; x_wconf 89' lang='lat' dir='ltr'><strong>oc·</strong></span> 
     </span>
     <span class='ocr_line' id='line_1_10' title="bbox 110 823 905 894; baseline 0.003 -16"><span class='ocrx_word' id='word_1_63' title='bbox 110 839 193 878; x_wconf 84' lang='lat' dir='ltr'><strong>cursu</strong></span> <span class='ocrx_word' id='word_1_64' title='bbox 201 825 291 876; x_wconf 87' lang='lat' dir='ltr'><strong>visam</strong></span> <span class='ocrx_word' id='word_1_65' title='bbox 300 823 371 876; x_wconf 88' lang='lat' dir='ltr'><strong>adeo</strong></span> <span class='ocrx_word' id='word_1_66' title='bbox 382 828 517 878; x_wconf 86' lang='lat' dir='ltr'><strong>contentis</strong></span> <span class='ocrx_word' id='word_1_67' title='bbox 528 832 556 878; x_wconf 90' lang='lat' dir='ltr'><strong>et</strong></span> <span class='ocrx_word' id='word_1_68' title='bbox 563 827 731 878; x_wconf 70' lang='lat' dir='ltr'><strong>tumentibus</strong></span> <span class='ocrx_word' id='word_1_69' title='bbox 742 827 830 879; x_wconf 88' lang='lat' dir='ltr'><strong>oculis</strong></span> <span class='ocrx_word' id='word_1_70' title='bbox 840 843 905 894; x_wconf 86' lang='lat' dir='ltr'><strong>pro·</strong></span> 
     </span>
     <span class='ocr_line' id='line_1_11' title="bbox 109 897 905 966; baseline 0.003 -16"><span class='ocrx_word' id='word_1_71' title='bbox 109 904 219 950; x_wconf 85' lang='lat' dir='ltr'><strong>secutus</strong></span> <span class='ocrx_word' id='word_1_72' title='bbox 228 904 282 962; x_wconf 91' lang='lat' dir='ltr'><strong>est,</strong></span> <span class='ocrx_word' id='word_1_73' title='bbox 297 904 330 949; x_wconf 89' lang='lat' dir='ltr'><strong>ut</strong></span> <span class='ocrx_word' id='word_1_74' title='bbox 339 900 507 952; x_wconf 85' lang='lat' dir='ltr'><strong>custoditum</strong></span> <span class='ocrx_word' id='word_1_75' title='bbox 517 897 565 963; x_wconf 88' lang='lat' dir='ltr'><strong>sit,</strong></span> <span class='ocrx_word' id='word_1_76' title='bbox 576 915 611 950; x_wconf 90' lang='lat' dir='ltr'><strong>ne</strong></span> <span class='ocrx_word' id='word_1_77' title='bbox 619 913 741 965; x_wconf 84' lang='lat' dir='ltr'><strong>unquam</strong></span> <span class='ocrx_word' id='word_1_78' title='bbox 750 900 780 949; x_wconf 91' lang='lat' dir='ltr'><strong>in</strong></span> <span class='ocrx_word' id='word_1_79' title='bbox 790 914 905 966; x_wconf 89' lang='lat' dir='ltr'><strong>conspe-</strong></span> 
     </span>
     <span class='ocr_line' id='line_1_12' title="bbox 109 970 904 1040; baseline -0.005 -14"><span class='ocrx_word' id='word_1_80' title='bbox 109 979 183 1026; x_wconf 83' lang='lat' dir='ltr'><strong>etum</strong></span> <span class='ocrx_word' id='word_1_81' title='bbox 192 973 252 1026; x_wconf 82' lang='lat' dir='ltr'><strong>cius</strong></span> <span class='ocrx_word' id='word_1_82' title='bbox 262 970 380 1040; x_wconf 86' lang='lat' dir='ltr'><strong>posthac</strong></span> <span class='ocrx_word' id='word_1_83' title='bbox 388 973 500 1026; x_wconf 82' lang='lat' dir='ltr'><strong>veniret.</strong></span> <span class='ocrx_word' id='word_1_84' title='bbox 531 972 599 1022; x_wconf 80' lang='lat' dir='ltr'><strong>Cum</strong></span> <span class='ocrx_word' id='word_1_85' title='bbox 607 971 679 1022; x_wconf 84' lang='lat' dir='ltr'><strong>Iulia</strong></span> <span class='ocrx_word' id='word_1_86' title='bbox 688 972 777 1038; x_wconf 89' lang='lat' dir='ltr'><strong>primo</strong></span> <span class='ocrx_word' id='word_1_87' title='bbox 789 986 904 1022; x_wconf 88' lang='lat' dir='ltr'><strong>concor-</strong></span> 
     </span>
     <span class='ocr_line' id='line_1_13' title="bbox 108 1044 902 1112; baseline -0.001 -14"><span class='ocrx_word' id='word_1_88' title='bbox 108 1046 316 1098; x_wconf 80' lang='lat' dir='ltr'><strong>diteretamore</strong></span> <span class='ocrx_word' id='word_1_89' title='bbox 325 1053 419 1098; x_wconf 85' lang='lat' dir='ltr'><strong>mutuo</strong></span> <span class='ocrx_word' id='word_1_90' title='bbox 429 1046 512 1098; x_wconf 82' lang='lat' dir='ltr'><strong>vixit</strong></span> <span class='ocrx_word' id='word_1_91' title='bbox 522 1059 588 1096; x_wconf 83' lang='lat' dir='ltr'><strong>mox</strong></span> <span class='ocrx_word' id='word_1_92' title='bbox 597 1044 902 1112; x_wconf 72' lang='lat' dir='ltr'><strong>disseditetaliquauto</strong></span> 
     </span>
     <span class='ocr_line' id='line_1_14' title="bbox 107 1118 909 1192; baseline -0.002 -20"><span class='ocrx_word' id='word_1_93' title='bbox 107 1122 229 1188; x_wconf 66' lang='lat' dir='ltr'><strong>gravium,</strong></span> <span class='ocrx_word' id='word_1_94' title='bbox 234 1127 266 1174; x_wconf 91' lang='lat' dir='ltr'><strong>ut</strong></span> <span class='ocrx_word' id='word_1_95' title='bbox 275 1121 358 1172; x_wconf 82' lang='lat' dir='ltr'><strong>etiam</strong></span> <span class='ocrx_word' id='word_1_96' title='bbox 369 1124 501 1188; x_wconf 88' lang='lat' dir='ltr'><strong>perpetuo</strong></span> <span class='ocrx_word' id='word_1_97' title='bbox 511 1118 677 1184; x_wconf 87' lang='lat' dir='ltr'><strong>secubaret,</strong></span> <span class='ocrx_word' id='word_1_98' title='bbox 668 1124 818 1192; x_wconf 76' lang='lat' dir='ltr'><strong>interceptu</strong></span> <span class='ocrx_word' id='word_1_99' title='bbox 828 1133 904 1170; x_wconf 88' lang='lat' dir='ltr'><strong>com·</strong></span> <span class='ocrx_word' id='word_1_100' title='bbox 906 1173 909 1178; x_wconf 74' lang='grc'>,</span> 
     </span>
    </p>
   </div>
   <div class='ocr_carea' id='block_1_5' title="bbox 107 1185 983 1262">
    <p class='ocr_par' dir='ltr' id='par_1_5' title="bbox 107 1185 983 1262">
     <span class='ocr_line' id='line_1_15' title="bbox 107 1185 983 1262; baseline 0 -16"><span class='ocrx_word' id='word_1_101' title='bbox 107 1196 199 1246; x_wconf 88' lang='lat' dir='ltr'><strong>munis</strong></span> <span class='ocrx_word' id='word_1_102' title='bbox 209 1195 261 1247; x_wconf 85' lang='lat' dir='ltr'><strong>lilii</strong></span> <span class='ocrx_word' id='word_1_103' title='bbox 269 1195 393 1262; x_wconf 87' lang='lat' dir='ltr'><strong>pignore,</strong></span> <span class='ocrx_word' id='word_1_104' title='bbox 399 1207 448 1261; x_wconf 87' lang='lat' dir='ltr'><strong>qm</strong></span> <span class='ocrx_word' id='word_1_105' title='bbox 438 1191 600 1261; x_wconf 76' lang='lat' dir='ltr'><strong>Aquileiae</strong></span> <span class='ocrx_word' id='word_1_106' title='bbox 609 1199 691 1245; x_wconf 84' lang='lat' dir='ltr'><strong>natm</strong></span> <span class='ocrx_word' id='word_1_107' title='bbox 700 1185 792 1244; x_wconf 76' lang='lat' dir='ltr'><strong>inians</strong></span> <span class='ocrx_word' id='word_1_108' title='bbox 802 1194 905 1246; x_wconf 73' lang='lat' dir='ltr'><strong>matiu-</strong></span> <span class='ocrx_word' id='word_1_109' title='bbox 982 1247 983 1254; x_wconf 63' lang='grc'>,</span> 
     </span>
    </p>
   </div>
   <div class='ocr_carea' id='block_1_6' title="bbox 67 1265 962 2141">
    <p class='ocr_par' dir='ltr' id='par_1_6' title="bbox 67 1265 943 1773">
     <span class='ocr_line' id='line_1_16' title="bbox 109 1265 906 1334; baseline -0.001 -14"><span class='ocrx_word' id='word_1_110' title='bbox 109 1275 169 1320; x_wconf 88' lang='lat' dir='ltr'><strong>ctus</strong></span> <span class='ocrx_word' id='word_1_111' title='bbox 176 1274 230 1322; x_wconf 87' lang='lat' dir='ltr'><strong>est</strong></span> <span class='ocrx_word' id='word_1_112' title='bbox 259 1267 381 1320; x_wconf 82' lang='lat' dir='ltr'><strong>Drusum</strong></span> <span class='ocrx_word' id='word_1_113' title='bbox 390 1266 522 1320; x_wconf 78' lang='lat' dir='ltr'><strong>fratrem</strong></span> <span class='ocrx_word' id='word_1_114' title='bbox 513 1281 544 1320; x_wconf 90' lang='grc' dir='ltr'><strong>ιιι</strong></span> <span class='ocrx_word' id='word_1_115' title='bbox 554 1265 704 1334; x_wconf 76' lang='lat' dir='ltr'><strong>Germania</strong></span> <span class='ocrx_word' id='word_1_116' title='bbox 713 1267 815 1334; x_wconf 85' lang='lat' dir='ltr'><strong>amisit,</strong></span> <span class='ocrx_word' id='word_1_117' title='bbox 827 1267 906 1320; x_wconf 77' lang='lat' dir='ltr'><strong>emus</strong></span> 
     </span>
     <span class='ocr_line' id='line_1_17' title="bbox 109 1341 907 1413; baseline 0.001 -19"><span class='ocrx_word' id='word_1_118' title='bbox 109 1329 434 1411; x_wconf 84' lang='lat' dir='ltr'><strong>corpus,pedib1utoto</strong></span> <span class='ocrx_word' id='word_1_119' title='bbox 449 1341 548 1398; x_wconf 87' lang='lat' dir='ltr'><strong>itinere</strong></span> <span class='ocrx_word' id='word_1_120' title='bbox 562 1329 769 1413; x_wconf 86' lang='lat' dir='ltr'><strong>praegrediens,</strong></span> <span class='ocrx_word' id='word_1_121' title='bbox 789 1341 907 1396; x_wconf 80' lang='lat' dir='ltr'><strong>Romam</strong></span> 
     </span>
     <span class='ocr_line' id='line_1_18' title="bbox 107 1417 907 1559; baseline -0.001 -17"><span class='ocrx_word' id='word_1_122' title='bbox 107 1417 388 1542; x_wconf 46' lang='lat' dir='ltr'><strong>usqsslplerffium</strong></span> <span class='ocrx_word' id='word_1_123' title='bbox 403 1492 558 1544; x_wconf 79' lang='lat' dir='ltr'><strong>officiorum</strong></span> <span class='ocrx_word' id='word_1_124' title='bbox 571 1491 734 1544; x_wconf 73' lang='lat' dir='ltr'><strong>rudimentis</strong></span> <span class='ocrx_word' id='word_1_125' title='bbox 752 1505 844 1559; x_wconf 86' lang='lat' dir='ltr'><strong>regem</strong></span> <span class='ocrx_word' id='word_1_126' title='bbox 856 1489 907 1541; x_wconf 84' lang='lat' dir='ltr'><strong>Ar-</strong></span> 
     </span>
     <span class='ocr_line' id='line_1_19' title="bbox 110 1559 906 1631; baseline 0.001 -18"><span class='ocrx_word' id='word_1_127' title='bbox 110 1559 247 1624; x_wconf 74' lang='lat' dir='ltr'><strong>chelaum,</strong></span> <span class='ocrx_word' id='word_1_128' title='bbox 264 1561 425 1614; x_wconf 79' lang='lat' dir='ltr'><strong>Trallianos</strong></span> <span class='ocrx_word' id='word_1_129' title='bbox 434 1569 464 1614; x_wconf 91' lang='lat' dir='ltr'><strong>et</strong></span> <span class='ocrx_word' id='word_1_130' title='bbox 474 1563 637 1626; x_wconf 76' lang='lat' dir='ltr'><strong>&#39;l‘hessalos,</strong></span> <span class='ocrx_word' id='word_1_131' title='bbox 648 1565 727 1614; x_wconf 85' lang='lat' dir='ltr'><strong>varia</strong></span> <span class='ocrx_word' id='word_1_132' title='bbox 738 1579 861 1631; x_wconf 85' lang='lat' dir='ltr'><strong>quosque</strong></span> <span class='ocrx_word' id='word_1_133' title='bbox 871 1563 906 1615; x_wconf 90' lang='lat' dir='ltr'><strong>do</strong></span> 
     </span>
     <span class='ocr_line' id='line_1_20' title="bbox 108 1633 943 1706; baseline 0 -20"><span class='ocrx_word' id='word_1_134' title='bbox 108 1649 195 1686; x_wconf 85' lang='lat' dir='ltr'><strong>causa</strong></span> <span class='ocrx_word' id='word_1_135' title='bbox 199 1634 344 1706; x_wconf 89' lang='lat' dir='ltr'><strong>,Augusto</strong></span> <span class='ocrx_word' id='word_1_136' title='bbox 354 1640 550 1700; x_wconf 74' lang='lat' dir='ltr'><strong>cognoscente,</strong></span> <span class='ocrx_word' id='word_1_137' title='bbox 566 1633 697 1686; x_wconf 79' lang='lat' dir='ltr'><strong>defendit.</strong></span> <span class='ocrx_word' id='word_1_138' title='bbox 734 1633 789 1685; x_wconf 89' lang='lat' dir='ltr'><strong>Pro</strong></span> <span class='ocrx_word' id='word_1_139' title='bbox 801 1635 906 1686; x_wconf 86' lang='lat' dir='ltr'><strong>Laodi</strong></span> <span class='ocrx_word' id='word_1_140' title='bbox 939 1696 943 1705; x_wconf 31' lang='grc' dir='ltr'><em>Ι</em></span> 
     </span>
     <span class='ocr_line' id='line_1_21' title="bbox 67 1671 905 1773; baseline -0.006 -10"><span class='ocrx_word' id='word_1_141' title='bbox 67 1757 70 1763; x_wconf 92' lang='grc'>.</span> <span class='ocrx_word' id='word_1_142' title='bbox 110 1709 193 1772; x_wconf 69' lang='lat' dir='ltr'><strong>neum,</strong></span> <span class='ocrx_word' id='word_1_143' title='bbox 199 1671 392 1773; x_wconf 74' lang='lat' dir='ltr'><strong>Thyatirenis,</strong></span> <span class='ocrx_word' id='word_1_144' title='bbox 404 1703 494 1768; x_wconf 82' lang='lat' dir='ltr'><strong>Chiis,</strong></span> <span class='ocrx_word' id='word_1_145' title='bbox 504 1711 683 1757; x_wconf 82' lang='lat' dir='ltr'><strong>terraemotu</strong></span> <span class='ocrx_word' id='word_1_146' title='bbox 693 1704 905 1773; x_wconf 76' lang='lat' dir='ltr'><strong>afflietiscpem·</strong></span> 
     </span>
    </p>

    <p class='ocr_par' dir='ltr' id='par_1_7' title="bbox 109 1777 962 2141">
     <span class='ocr_line' id='line_1_22' title="bbox 110 1777 905 1850; baseline -0.005 -16"><span class='ocrx_word' id='word_1_147' title='bbox 110 1798 163 1850; x_wconf 79' lang='lat' dir='ltr'><strong>que</strong></span> <span class='ocrx_word' id='word_1_148' title='bbox 176 1777 403 1849; x_wconf 81' lang='lat' dir='ltr'><strong>implorantibus,</strong></span> <span class='ocrx_word' id='word_1_149' title='bbox 423 1784 561 1832; x_wconf 87' lang='lat' dir='ltr'><strong>senatum</strong></span> <span class='ocrx_word' id='word_1_150' title='bbox 568 1777 731 1845; x_wconf 86' lang='lat' dir='ltr'><strong>deprecatus</strong></span> <span class='ocrx_word' id='word_1_151' title='bbox 745 1782 796 1828; x_wconf 88' lang='lat' dir='ltr'><strong>est.</strong></span> <span class='ocrx_word' id='word_1_152' title='bbox 832 1777 905 1830; x_wconf 88' lang='lat' dir='ltr'><strong>Fan·</strong></span> 
     </span>
     <span class='ocr_line' id='line_1_23' title="bbox 109 1849 905 1940; baseline -0.008 -31"><span class='ocrx_word' id='word_1_153' title='bbox 109 1857 186 1908; x_wconf 86' lang='grc' dir='ltr'><strong>ιιιιιιιι</strong></span> <span class='ocrx_word' id='word_1_154' title='bbox 197 1853 371 1940; x_wconf 84' lang='lat' dir='ltr'><strong>Caepionem,</strong></span> <span class='ocrx_word' id='word_1_155' title='bbox 383 1852 432 1918; x_wconf 81' lang='lat' dir='ltr'><strong>qui</strong></span> <span class='ocrx_word' id='word_1_156' title='bbox 437 1865 504 1902; x_wconf 91' lang='lat' dir='ltr'><strong>cum</strong></span> <span class='ocrx_word' id='word_1_157' title='bbox 513 1850 639 1905; x_wconf 89' lang='lat' dir='ltr'><strong>Varrone</strong></span> <span class='ocrx_word' id='word_1_158' title='bbox 648 1849 783 1902; x_wconf 88' lang='lat' dir='ltr'><strong>Murena</strong></span> <span class='ocrx_word' id='word_1_159' title='bbox 774 1867 804 1903; x_wconf 87' lang='grc' dir='ltr'><strong>ιι</strong></span> <span class='ocrx_word' id='word_1_160' title='bbox 814 1853 905 1922; x_wconf 89' lang='lat' dir='ltr'><strong>Augu-</strong></span> 
     </span>
     <span class='ocr_line' id='line_1_24' title="bbox 109 1923 962 1993; baseline 0.001 -12"><span class='ocrx_word' id='word_1_161' title='bbox 109 1935 182 1981; x_wconf 85' lang='lat' dir='ltr'><strong>stum</strong></span> <span class='ocrx_word' id='word_1_162' title='bbox 203 1925 421 1993; x_wconf 81' lang='lat' dir='ltr'><strong>conspiraverat,</strong></span> <span class='ocrx_word' id='word_1_163' title='bbox 440 1939 518 1976; x_wconf 86' lang='lat' dir='ltr'><strong>reum</strong></span> <span class='ocrx_word' id='word_1_164' title='bbox 537 1923 691 1976; x_wconf 82' lang='lat' dir='ltr'><strong>malestatis</strong></span> <span class='ocrx_word' id='word_1_165' title='bbox 707 1925 781 1993; x_wconf 91' lang='lat' dir='ltr'><strong>apud</strong></span> <span class='ocrx_word' id='word_1_166' title='bbox 798 1927 906 1980; x_wconf 87' lang='lat' dir='ltr'><strong>iudices</strong></span> <span class='ocrx_word' id='word_1_167' title='bbox 959 1978 962 1982; x_wconf 87' lang='lat'><strong>.</strong></span> 
     </span>
     <span class='ocr_line' id='line_1_25' title="bbox 109 1995 906 2067; baseline -0.006 -11"><span class='ocrx_word' id='word_1_168' title='bbox 109 2002 177 2056; x_wconf 79' lang='lat' dir='ltr'><strong>fecit</strong></span> <span class='ocrx_word' id='word_1_169' title='bbox 186 2006 213 2054; x_wconf 89' lang='lat' dir='ltr'><strong>et</strong></span> <span class='ocrx_word' id='word_1_170' title='bbox 223 1998 424 2052; x_wconf 79' lang='lat' dir='ltr'><strong>condemnavit</strong></span> <span class='ocrx_word' id='word_1_171' title='bbox 449 1997 576 2067; x_wconf 79' lang='lat' dir='ltr'><strong>Interque</strong></span> <span class='ocrx_word' id='word_1_172' title='bbox 586 1995 654 2050; x_wconf 79' lang='lat' dir='ltr'><strong>liaeo</strong></span> <span class='ocrx_word' id='word_1_173' title='bbox 664 1997 800 2066; x_wconf 90' lang='lat' dir='ltr'><strong>duplicem</strong></span> <span class='ocrx_word' id='word_1_174' title='bbox 811 2014 906 2052; x_wconf 86' lang='lat' dir='ltr'><strong>curam</strong></span> 
     </span>
     <span class='ocr_line' id='line_1_26' title="bbox 111 2071 907 2141; baseline -0.004 -13"><span class='ocrx_word' id='word_1_175' title='bbox 111 2073 326 2137; x_wconf 86' lang='lat' dir='ltr'><strong>administravit,</strong></span> <span class='ocrx_word' id='word_1_176' title='bbox 337 2087 476 2137; x_wconf 83' lang='lat' dir='ltr'><strong>annonae,</strong></span> <span class='ocrx_word' id='word_1_177' title='bbox 488 2087 559 2141; x_wconf 87' lang='lat' dir='ltr'><strong>quae</strong></span> <span class='ocrx_word' id='word_1_178' title='bbox 569 2071 659 2124; x_wconf 83' lang='lat' dir='ltr'><strong>artior</strong></span> <span class='ocrx_word' id='word_1_179' title='bbox 667 2072 816 2137; x_wconf 75' lang='lat' dir='ltr'><strong>inciderat</strong></span> <span class='ocrx_word' id='word_1_180' title='bbox 827 2078 907 2125; x_wconf 89' lang='lat' dir='ltr'><strong>etre-</strong></span> 
     </span>
    </p>
   </div>
   <div class='ocr_carea' id='block_1_7' title="bbox 32 2145 909 2667">
    <p class='ocr_par' dir='ltr' id='par_1_8' title="bbox 32 2145 909 2441">
     <span class='ocr_line' id='line_1_27' title="bbox 110 2145 907 2222; baseline -0.003 -20"><span class='ocrx_word' id='word_1_181' title='bbox 110 2147 481 2222; x_wconf 84' lang='lat' dir='ltr'><strong>purgandorumtotaltolia</strong></span> <span class='ocrx_word' id='word_1_182' title='bbox 494 2145 709 2216; x_wconf 86' lang='lat' dir='ltr'><strong>ergastulorum,</strong></span> <span class='ocrx_word' id='word_1_183' title='bbox 729 2147 907 2236; x_wconf 80' lang='lat' dir='ltr'><strong>quorumdu-</strong></span> 
     </span>
     <span class='ocr_line' id='line_1_28' title="bbox 110 2220 908 2292; baseline -0.004 -15"><span class='ocrx_word' id='word_1_184' title='bbox 110 2225 181 2282; x_wconf 80' lang='lat' dir='ltr'><strong>mirri</strong></span> <span class='ocrx_word' id='word_1_185' title='bbox 189 2225 219 2276; x_wconf 90' lang='lat' dir='ltr'><strong>in</strong></span> <span class='ocrx_word' id='word_1_186' title='bbox 227 2223 361 2276; x_wconf 83' lang='lat' dir='ltr'><strong>invidiam</strong></span> <span class='ocrx_word' id='word_1_187' title='bbox 370 2228 513 2287; x_wconf 79' lang='lat' dir='ltr'><strong>venerant,</strong></span> <span class='ocrx_word' id='word_1_188' title='bbox 525 2221 607 2290; x_wconf 85' lang='lat' dir='ltr'><strong>qussi</strong></span> <span class='ocrx_word' id='word_1_189' title='bbox 616 2220 746 2290; x_wconf 80' lang='lat' dir='ltr'><strong>exceptos</strong></span> <span class='ocrx_word' id='word_1_190' title='bbox 757 2222 908 2292; x_wconf 88' lang='lat' dir='ltr'><strong>supprime-</strong></span> 
     </span>
     <span class='ocr_line' id='line_1_29' title="bbox 32 2295 909 2364; baseline -0.003 -13"><span class='ocrx_word' id='word_1_191' title='bbox 32 2317 34 2324; x_wconf 65' lang='grc'>’</span> <span class='ocrx_word' id='word_1_192' title='bbox 111 2305 181 2363; x_wconf 83' lang='lat' dir='ltr'><strong>rent,</strong></span> <span class='ocrx_word' id='word_1_193' title='bbox 192 2315 248 2351; x_wconf 87' lang='lat' dir='ltr'><strong>non</strong></span> <span class='ocrx_word' id='word_1_194' title='bbox 259 2299 349 2352; x_wconf 91' lang='lat' dir='ltr'><strong>solum</strong></span> <span class='ocrx_word' id='word_1_195' title='bbox 358 2299 489 2362; x_wconf 84' lang='lat' dir='ltr'><strong>viatores,</strong></span> <span class='ocrx_word' id='word_1_196' title='bbox 496 2295 550 2362; x_wconf 87' lang='lat' dir='ltr'><strong>sed</strong></span> <span class='ocrx_word' id='word_1_197' title='bbox 560 2301 588 2350; x_wconf 90' lang='lat' dir='ltr'><strong>et</strong></span> <span class='ocrx_word' id='word_1_198' title='bbox 597 2310 668 2364; x_wconf 87' lang='lat' dir='ltr'><strong>quos</strong></span> <span class='ocrx_word' id='word_1_199' title='bbox 678 2297 843 2351; x_wconf 86' lang='lat' dir='ltr'><strong>sacrementi</strong></span> <span class='ocrx_word' id='word_1_200' title='bbox 852 2311 909 2348; x_wconf 87' lang='lat' dir='ltr'><strong>me·</strong></span> 
     </span>
     <span class='ocr_line' id='line_1_30' title="bbox 111 2371 702 2441; baseline -0.007 -15"><span class='ocrx_word' id='word_1_201' title='bbox 111 2379 157 2426; x_wconf 89' lang='lat' dir='ltr'><strong>tus</strong></span> <span class='ocrx_word' id='word_1_202' title='bbox 168 2373 203 2425; x_wconf 88' lang='lat' dir='ltr'><strong>ed</strong></span> <span class='ocrx_word' id='word_1_203' title='bbox 213 2371 373 2426; x_wconf 88' lang='lat' dir='ltr'><strong>huiusmodi</strong></span> <span class='ocrx_word' id='word_1_204' title='bbox 382 2372 503 2426; x_wconf 86' lang='lat' dir='ltr'><strong>latebras</strong></span> <span class='ocrx_word' id='word_1_205' title='bbox 514 2371 702 2441; x_wconf 75' lang='lat' dir='ltr'><strong>compulisset.</strong></span> 
     </span>
    </p>

    <p class='ocr_par' dir='ltr' id='par_1_9' title="bbox 112 2445 909 2667">
     <span class='ocr_line' id='line_1_31' title="bbox 169 2445 909 2518; baseline -0.001 -19"><span class='ocrx_word' id='word_1_206' title='bbox 169 2448 218 2500; x_wconf 84' lang='lat' dir='ltr'><strong>lx.</strong></span> <span class='ocrx_word' id='word_1_207' title='bbox 240 2447 384 2518; x_wconf 81' lang='lat' dir='ltr'><strong>Stipendia</strong></span> <span class='ocrx_word' id='word_1_208' title='bbox 393 2448 483 2515; x_wconf 86' lang='lat' dir='ltr'><strong>prima</strong></span> <span class='ocrx_word' id='word_1_209' title='bbox 497 2445 673 2514; x_wconf 82' lang='lat' dir='ltr'><strong>expeditione</strong></span> <span class='ocrx_word' id='word_1_210' title='bbox 685 2445 909 2499; x_wconf 76' lang='lat' dir='ltr'><strong>Cantabricatri·</strong></span> 
     </span>
     <span class='ocr_line' id='line_1_32' title="bbox 112 2519 909 2588; baseline -0.005 -14"><span class='ocrx_word' id='word_1_211' title='bbox 112 2523 202 2576; x_wconf 80' lang='lat' dir='ltr'><strong>hunus</strong></span> <span class='ocrx_word' id='word_1_212' title='bbox 211 2522 330 2588; x_wconf 88' lang='lat' dir='ltr'><strong>militum</strong></span> <span class='ocrx_word' id='word_1_213' title='bbox 339 2520 417 2574; x_wconf 74' lang='lat' dir='ltr'><strong>fecit:</strong></span> <span class='ocrx_word' id='word_1_214' title='bbox 430 2520 537 2586; x_wconf 86' lang='lat' dir='ltr'><strong>deinde,</strong></span> <span class='ocrx_word' id='word_1_215' title='bbox 548 2521 631 2573; x_wconf 91' lang='lat' dir='ltr'><strong>ducto</strong></span> <span class='ocrx_word' id='word_1_216' title='bbox 643 2519 822 2585; x_wconf 80' lang='lat' dir='ltr'><strong>adorientem</strong></span> <span class='ocrx_word' id='word_1_217' title='bbox 832 2531 909 2578; x_wconf 77' lang='lat' dir='ltr'><strong>exer·</strong></span> 
     </span>
     <span class='ocr_line' id='line_1_33' title="bbox 115 2593 909 2667; baseline -0.005 -17"><span class='ocrx_word' id='word_1_218' title='bbox 115 2599 185 2664; x_wconf 87' lang='lat' dir='ltr'><strong>citu,</strong></span> <span class='ocrx_word' id='word_1_219' title='bbox 200 2612 314 2667; x_wconf 86' lang='lat' dir='ltr'><strong>reguum</strong></span> <span class='ocrx_word' id='word_1_220' title='bbox 323 2595 467 2650; x_wconf 84' lang='lat' dir='ltr'><strong>Armeniae</strong></span> <span class='ocrx_word' id='word_1_221' title='bbox 478 2595 595 2664; x_wconf 80' lang='lat' dir='ltr'><strong>Tigrani</strong></span> <span class='ocrx_word' id='word_1_222' title='bbox 603 2593 737 2660; x_wconf 86' lang='lat' dir='ltr'><strong>restituit,</strong></span> <span class='ocrx_word' id='word_1_223' title='bbox 753 2607 786 2648; x_wconf 81' lang='lat' dir='ltr'><strong>oc</strong></span> <span class='ocrx_word' id='word_1_224' title='bbox 797 2595 848 2662; x_wconf 80' lang='lat' dir='ltr'><strong>pro</strong></span> <span class='ocrx_word' id='word_1_225' title='bbox 859 2593 909 2646; x_wconf 86' lang='lat' dir='ltr'><strong>tri·</strong></span> 
     </span>
    </p>
   </div>
   <div class='ocr_carea' id='block_1_8' title="bbox 0 0 1000 2960">
    <p class='ocr_par' dir='ltr' id='par_1_10' title="bbox 0 0 1000 2960">
     <span class='ocr_line' id='line_1_34' title="bbox 0 0 1000 2960; baseline 0 0"><span class='ocrx_word' id='word_1_226' title='bbox 0 0 1000 2960; x_wconf 95' lang='lat' dir='ltr'><strong> </strong></span> 
     </span>
    </p>
   </div>
  </div>
 </body>
</html>
