1964 2970
128 111 161 164 m
407 109 643 187 asamona

129 232 286 286 sedentibus
296 232 412 301 siugulls
421 233 483 284 vale
494 233 611 287 dicebat.
647 231 744 282 Officia
755 245 814 284 eum
825 230 921 284 merltis

127 313 223 360 mutuo
238 308 372 360 exercuit:
390 308 532 376 neoprius
547 307 606 358 dies
624 307 755 373 utriusque
773 304 921 358 sollemnes

126 380 300 451 frequentare
320 382 416 446 desiit,
437 396 519 448 quam
532 379 664 449 grandior
676 380 732 430 iam
747 384 827 442 netu,
849 385 877 429 et
889 379 921 430 in

124 453 207 508 turba
222 455 361 522 quondam
376 455 579 522 sponsaliorum
590 453 634 504 die
643 458 766 504 vexatus.
806 450 919 508 Gallum

125 527 282 581 Tetrinium
300 535 468 592 senatorem,
487 529 577 589 minus
597 527 651 578 sibi
669 525 846 590 familiarem,
867 525 919 576 sed

123 608 234 670 ceptum
244 609 355 671 repente
366 601 497 666 oculis,et
507 603 543 654 ob
553 601 583 653 ld
592 598 685 651 inedia
695 599 768 653 mori
777 599 916 650 destinan-

123 681 187 741 tem,
197 691 327 742 praesens
337 674 507 726 consolando
519 674 658 742 reuocauit
669 673 808 725 advitam.

178 747 251 799 LIV.
270 748 409 799 lusenatu
418 748 503 798 verba
511 746 625 797 facienti
635 745 738 796 dictum
748 752 797 810 est,
804 743 865 797 Nou
874 745 916 798 ta-

124 821 225 872 telleel:
243 825 271 872 et
280 820 315 871 ab
326 819 396 882 ulio,
413 818 625 871 Conbadt'cerem
635 817 696 880 tili,
708 817 732 869 ri
740 820 824 870 locum
835 817 916 870 bale·

122 909 186 946 rem.
223 892 362 944 Interdum
377 892 413 944 ob
431 893 594 945 immodicae
614 891 807 942 altercationes
827 891 916 944 disce-

120 966 257 1035 ptantium
272 981 287 1018 e
303 966 381 1018 curin
394 981 444 1033 per
456 966 528 1016 iram
537 979 567 1016 se
576 963 740 1031 proripienti
750 963 862 1030 quidam
872 966 917 1016 in.

65 1037 72 1050 ’
120 1047 275 1110 gessenmt,
295 1038 373 1092 lisere
385 1047 504 1107 oportere
518 1036 680 1089 secutoribus
694 1037 725 1088 de
734 1035 866 1104 republica
877 1040 916 1090 lo-

121 1114 175 1181 qui.
213 1113 347 1166 Antistieu
361 1112 472 1177 Labeo,
493 1117 603 1165 senatus
618 1111 750 1175 lectione,
772 1127 855 1180 quum
870 1115 918 1165 vir
956 1172 960 1181 Ι

119 1191 209 1242 virum
217 1188 328 1257 legeret,
339 1187 378 1240 M.
384 1187 528 1255 Lepidum,
539 1185 645 1238 bostem
655 1184 722 1237 olim
733 1185 802 1250 eius,
812 1191 840 1236 et
847 1191 918 1239 tunc

121 1263 302 1328 exsulantem,
318 1263 398 1330 legit:
417 1263 656 1328 interrogatumque
667 1259 702 1310 ab
712 1274 760 1324 oo,
777 1269 917 1314 suessent

121 1336 171 1388 alii
190 1336 343 1404 digniores,
364 1350 582 1402 unumquemque
600 1331 849 1395 ludiolumbabere,
870 1349 915 1385 re-

120 1409 241 1477 spondit.
279 1409 337 1462 Nec
355 1410 419 1463 ideo
440 1409 554 1462 libertas
569 1413 616 1460 out
632 1407 805 1460 contumacia
818 1406 916 1460 fraudi

121 1483 249 1551 cuiquam
259 1482 321 1534 fuit.

175 1554 235 1606 LV.
246 1553 347 1606 'Etiam
361 1569 473 1623 sparsos
489 1554 522 1606 de
532 1571 561 1607 se
571 1556 600 1606 in
612 1556 689 1606 curia
698 1553 822 1616 famosos
832 1553 917 1606 libel--

119 1631 163 1681 los
173 1644 226 1681 uec
233 1629 358 1696 expavit,
377 1642 428 1680 nec
442 1643 543 1694 magua
558 1643 625 1680 cura
638 1628 794 1696 redarguit:
814 1642 860 1692 ac,
876 1643 914 1682 ue

119 1703 259 1770 requisitis
270 1701 379 1769 quidem
389 1703 562 1766 auctoribus,
582 1702 612 1753 id
626 1702 709 1754 modo
726 1702 843 1765 censuit,
864 1715 913 1753 co·

119 1775 304 1846 gnoscendum
314 1772 431 1844 posthac
440 1775 474 1827 de
483 1777 532 1840 iis,
548 1778 597 1843 qui
610 1776 720 1830 libellos
731 1782 779 1826 aut
789 1775 914 1828 carmina

54 1905 62 1922 Ι
120 1850 156 1902 ad
166 1848 308 1902 Maeniam
319 1850 472 1916 mrirrspiam
482 1850 533 1902 sub
544 1851 634 1902 alieno
645 1850 756 1901 nomine
766 1848 857 1900 edant.

174 1923 247 1975 LVl.
266 1923 340 1976 locis
351 1938 459 1992 quoque
469 1924 640 1990 quorundam
650 1922 797 1976 invidiosis
807 1925 855 1972 aut
864 1937 913 1988 pe-

118 1998 271 2050 tulantibus
281 1998 438 2061 lacessitus,
454 1996 621 2049 contradixit
635 1996 735 2048 edicto.
773 1995 915 2048 Ettamen

120 2072 154 2124 de
173 2071 322 2124 inhibenda
344 2077 569 2124 testamentorum
592 2070 717 2133 licentia,
741 2084 775 2121 nc
798 2075 915 2122 senatus

121 2146 472 2212 quicquamconstitueret,
491 2143 654 2195 intercessit.
694 2142 809 2204 Quoties
824 2143 914 2210 magi-

120 2224 254 2269 stratuum
266 2219 386 2270 comitiis
399 2219 554 2279 interesset,
573 2216 662 2268 tribus
678 2232 737 2267 cum
754 2215 915 2270 candidatis

120 2291 178 2342 suis
188 2292 334 2356 circuibat,
354 2287 580 2359 supplicabatque
594 2306 670 2342 more
685 2289 820 2342 sollemni.
858 2289 914 2344 Fe-

121 2365 200 2417 rebat
209 2365 305 2432 etipse
315 2364 476 2431 suffragium
485 2364 515 2414 in
524 2364 662 2428 tribubus,
677 2369 787 2416 utrmus
798 2378 812 2414 e
822 2378 915 2430 popu·
941 2418 945 2424 ,
963 2353 980 2374 ”

122 2437 160 2490 lo.
199 2437 308 2492 Testem
328 2454 357 2490 se
376 2439 406 2489 in
424 2437 536 2488 iudiciis
550 2443 578 2489 et
590 2437 756 2504 interrogari
769 2442 796 2488 et
811 2435 916 2504 refelli,

122 2512 289 2579 aequissimo
301 2512 393 2563 auimo
402 2512 567 2578 patiebatur.
604 2511 707 2563 Fonuu
718 2510 862 2576 angustius
872 2501 925 2564 te!

123 2587 173 2651 eit,
193 2599 250 2638 non
270 2599 353 2637 ausus
372 2591 533 2653 extorquere
548 2580 754 2654 possessoribus
769 2584 916 2650 proximas
936 2633 940 2639 ,
