1964 2970
119 106 152 154 7⁰
392 107 419 152 G.
444 105 628 154 SUETONll

94 213 247 296 'adempta
262 228 369 280 demum
382 227 501 280 lenitave
514 233 592 296 parte
605 241 767 294 poenarum,
788 233 816 279 et
827 241 906 278 vaea-

118 304 195 356 tione
205 303 317 354 trieunii
328 302 401 366 data,
414 303 555 369 essetisque
566 302 703 369 praemiis.
743 300 789 353 Sic
799 317 907 368 quoquc
919 326 924 332 ·
949 294 952 302 '

119 376 297 429 abolitionem
310 377 368 428 eins
378 376 488 443 publico
504 375 661 442 spectaculo
673 376 848 442 pertinaciter
858 390 905 442 po·

117 450 236 502 stulante
246 451 350 518 equite,
363 451 467 501 accitos
480 447 637 502 Germanici
647 450 758 512 liberos,
769 454 905 515 receptos-

118 539 170 592 que
180 526 281 592 partim
292 524 375 587 adse,
387 525 488 590 partim
498 525 527 574 in
537 525 624 591 patris
635 524 774 590 gremium,
787 527 904 574 ostente-

116 599 169 661 vit,
190 613 272 650 mann
281 598 413 664 vultuque
422 598 593 664 significans,
614 601 836 663 negraverentur
844 595 904 646 imi·

116 671 288 724 tariiuvenis
301 670 462 738 exemplum.
502 671 644 738 Quumque
659 671 741 722 etiam
755 669 905 721 inrrneturi·

116 750 174 797 tate
184 759 346 812 sponsarum
356 749 385 795 et
393 743 633 794 matrimoniorum
648 744 744 795 crebra
753 743 905 796 mutatione

115 819 171 870 vim
180 818 249 884 legis
260 817 335 868 eludi
344 817 468 880 sentiret,
488 824 594 883 tempus
604 831 720 882 sponsas
730 814 850 868 habendi
860 819 909 868 co·'

115 891 224 953 artavit,
236 890 362 941 divortiis
372 890 483 940 modum
493 891 633 956 imposuit.

169 963 284 1027 XXXV.
300 963 462 1015 Senatorum
473 962 626 1014 affluentem
635 976 775 1022 nnmerum
787 959 911 1013 deformi
974 987 976 994 ¹

115 1038 294 1090 etincondite
304 1038 482 1101 turbaterant
490 1037 562 1088 enirn
572 1050 654 1102 super
662 1035 746 1099 mille,
756 1040 782 1086 et
792 1034 906 1100 quidam
927 1048 933 1058 ·

114 1187 266 1254 praemimn
277 1186 380 1250 allecti,
401 1201 470 1254 quos
483 1181 594 1236 Orcioor
603 1183 700 1250 vulgus
709 1183 856 1245 vocabam
869 1182 906 1233 ed

114 1261 226 1313 modum
237 1262 382 1329 pristinum
393 1267 420 1312 et
429 1259 602 1328 splendorem
611 1258 729 1336 redegit,
751 1257 857 1308 duabus
868 1255 905 1307 le-

116 1335 266 1387 ctionibus:
286 1336 375 1402 prime
385 1336 508 1402 ipsorum
524 1333 671 1396 arbitratu,
693 1347 747 1399 quo
760 1332 804 1382 vir
816 1330 906 1380 virum

114 1407 195 1473 legit3
215 1407 335 1459 secundo
349 1425 399 1460 suo
416 1415 443 1460 et
452 1410 597 1476 Agrippae.
624 1407 698 1466 'Quo
713 1412 837 1473 tempore
850 1403 906 1454 exi-

115 1480 243 1532 stimatur
256 1481 345 1534 lorica
359 1484 409 1534 sub
425 1489 500 1533 veste
513 1482 634 1532 munitus
652 1478 779 1546 ferroque
800 1477 906 1529 cinctus

114 1553 299 1622 praesedisse,
320 1555 411 1606 decem
430 1553 626 1604 valentissimis
646 1553 780 1604 senatorii
800 1551 906 1602 ordinis

115 1628 212 1678 amieis
232 1627 328 1678 sellam
342 1643 419 1678 suam
435 1625 681 1678 circumstantibus.
721 1625 827 1676 Cordus
842 1625 906 1676 Cre·
940 1669 944 1674 .

114 1701 217 1752 mutius
227 1699 335 1763 scribit,
345 1716 379 1752 ne
390 1699 537 1750 admissum
549 1698 658 1765 quidem
667 1704 733 1750 tunc
742 1713 907 1767 quemquam

115 1781 285 1838 senatorum,
306 1774 361 1824 nisi
375 1773 463 1825 solum
478 1778 506 1823 et
518 1777 689 1839 praetentato
705 1773 776 1830 sinu.
816 1773 905 1832 Quos·

116 1848 180 1901 dem
191 1849 227 1900 ad
237 1847 392 1912 excusandi„
401 1863 430 1900 se
443 1845 635 1898 verecundiam
651 1848 794 1915 compulit:
815 1859 906 1898 serva·

114 1925 209 1992 vitque
219 1923 302 1975 etiam
312 1921 505 1973 excusantibus
515 1921 622 1988 insigne
630 1923 756 1987 vestis,et
765 1920 910 1988 spectandi
974 1961 975 1966 ,

115 1999 146 2050 in
157 1996 310 2060 orchestra,
332 1995 514 2064 epulandique
528 1995 636 2062 publice
650 1997 703 2048 ius.
743 1995 803 2057 Quo
816 1999 909 2044 autem

116 2071 183 2124 lecti
192 2071 356 2138 probatique
367 2076 394 2123 et
403 2070 561 2137 religiosius
576 2076 603 2122 et
612 2071 718 2122 minore
728 2067 856 2120 molestia
865 2083 909 2118 se-

67 2190 74 2196 .
117 2147 352 2198 natoriamuncra
362 2143 550 2213 iungerentur,
571 2145 676 2208 sanxit,
690 2149 733 2206 ut,
747 2142 911 2210 priusquam

118 2219 273 2271 consideret
287 2219 415 2288 quisque,
435 2226 497 2271 ture
511 2229 632 2270 ac‘mero
648 2217 815 2286 supplicaret
835 2215 913 2281 apud

118 2307 195 2344 aram
210 2293 269 2344 eius
283 2293 341 2358 dei,
361 2295 391 2345 in
401 2293 590 2360 cuiustemplo
607 2293 738 2354 coiretur;
759 2296 787 2343 et
798 2289 913 2356 ne'plus
974 2355 975 2358 Ἴ

117 2381 200 2434 quem
214 2368 258 2418 bis
272 2367 301 2418 in
314 2384 406 2421 mense
420 2367 559 2434 legitimus
573 2373 683 2418 senatus
698 2371 837 2432 ageretur,
852 2361 913 2414 Ka-

116 2441 205 2494 lendis
226 2448 253 2494 et
271 2441 377 2494 Idibus:
401 2457 468 2494 neve
483 2439 636 2508 Septembri
652 2439 798 2492 Octobrive
816 2453 914 2490 mense

116 2515 191 2568 ullos
202 2516 297 2568 adesse
309 2517 380 2568 alios
389 2530 500 2568 necesse
511 2519 593 2577 esset,
616 2528 697 2580 quam
712 2518 786 2563 sorte
801 2511 914 2576 ductos,

117 2607 166 2660 per
180 2600 297 2661 quorum
310 2605 452 2644 nnnrenrm
466 2589 576 2640 decreta
591 2587 690 2640 confici
698 2591 822 2655 possent:
843 2586 915 2638 sibi-
