1986 2960
103 145 107 152 ,
200 159 203 164 ‚
275 68 477 140 cunrnunnss
512 93 721 142 cunno-22.
842 94 892 148 169

99 230 153 272 eos
167 219 271 279 nuum,
289 215 339 284 qui
357 215 474 268 maximo
492 215 707 282 displicuissent,
728 217 831 283 scripta
841 233 892 270 sua
914 269 915 272 ,

99 289 221 358 spongia
231 288 357 356 linguave
368 289 458 342 delere
468 290 569 354 iussos,
579 289 634 339 nisi
643 287 738 340 ferulis
751 289 892 360 obiurgari

100 369 152 416 aut
161 362 272 414 flumine
281 363 408 430 proximo
418 363 504 430 mergi
514 363 683 414 maluissent.
842 371 845 377 '

155 435 230 488 XXI.
251 436 342 504 Opera
352 437 402 488 sub
413 437 526 488 Tiberio
538 435 739 504 semiperfecta,
759 435 890 504 templum

93 507 561 577 AugustithcatrumquePompeii,
582 508 708 563 absolvit.
746 508 890 562 inchoavit
931 527 934 534 ·

95 589 191 636 autern
201 583 400 650 aquaeductum
415 585 526 650 regione
537 584 658 648 Tiburti,
679 589 707 636 et
720 581 888 650 amphithea-

94 663 170 710 trum
180 657 258 708 inxta
269 657 365 723 Septa3
385 673 501 724 quorum
512 673 623 725 operum
635 672 652 708 a
662 673 818 710 successore
829 657 888 709 eius

97 730 216 782 Claudio
233 730 353 782 alterrun
373 737 526 798 peractum,
549 732 680 784 omissum
702 731 817 784 alterum
836 737 885 782 est.

95 803 245 871 Syracusis
256 803 379 871 collapsa
388 811 523 857 vetustate
537 805 647 859 moenia
661 805 827 874 deorumque
842 819 886 856 ae·

95 878 148 930 des
160 875 287 928 reiectae.
325 877 519 930 Destinaverat
538 884 568 932 et
581 878 657 930 Sami
669 878 827 945 Polycratis
846 893 887 929 re-

95 952 171 1018 giam
180 951 335 1016 restituere,
350 952 441 1004 Mileti
451 951 616 1018 Didymeum
626 967 767 1020 peragere,
782 952 811 1002 in
821 952 887 1018 iugo

95 1025 208 1091 Alpium
217 1023 313 1076 urbem
324 1026 453 1090 condere,
474 1025 522 1078 sed
538 1033 600 1078 ante
617 1027 709 1077 omnia
718 1023 849 1076 Isthmum
858 1027 888 1075 in

95 1097 203 1150 Achaia
217 1097 375 1164 perfodere,
397 1099 561 1168 miseratque
575 1100 633 1150 iam
648 1100 683 1152 ad
694 1097 887 1156 dimetiendum

97 1170 169 1240 opus
178 1172 375 1238 primipilarem
387 1173 492 1224 Gaium.

152 1245 240 1296 XXII.
260 1245 400 1298 Hactenus
412 1247 493 1314 quasi
503 1245 535 1298 dc
546 1247 680 1314 principe;
695 1245 802 1312 reliqua
811 1250 842 1296 ut
853 1245 886 1296 de

95 1325 220 1372 monstro
235 1319 375 1372 narranda
394 1325 465 1371 sunt.
501 1320 696 1388 ‘Compluribus
717 1318 885 1385 cognomini·

94 1394 149 1448 bns
159 1395 318 1462 assumptis,
341 1397 415 1458 (uam
426 1398 453 1444 et
463 1391 541 1456 Pius,
557 1401 585 1445 et
595 1391 748 1444 ternorum
754 1390 843 1460 filius,
860 1399 887 1443 et

96 1467 181 1518 Pater
190 1467 365 1528 exercituum,
381 1472 409 1518 et
420 1463 540 1534 Optimus
551 1463 684 1518 illeximus
696 1465 795 1517 Cacsar
803 1481 884 1516 voca·

1 1546 3 1553 '
95 1537 294 1607 bamnp‘quun
305 1540 414 1592 audiret
423 1540 495 1594 sorte
505 1555 596 1608 reges,
608 1541 656 1608 qui
667 1540 752 1592 officii
762 1555 845 1590 carisa
855 1539 885 1594 in

95 1614 197 1666 Urbem
208 1613 386 1678 advenerant,
405 1621 592 1666 concertantes
607 1613 680 1682 apud
693 1629 722 1666 se
733 1629 815 1680 super
825 1629 885 1664 coe·

94 1687 203 1740 nanus
212 1687 357 1740 nobilitate
366 1689 486 1756 generis,
507 1689 682 1740 exclamavit:
708 1678 753 1742 ule
767 1684 885 1752 κοίρανος

95 1760 166 1819 ἵστω,
180 1753 350 1824 ἐῖςβασῡλᾶύς·
388 1763 446 1814 Nec
460 1763 573 1814 multum
584 1761 689 1824 abfuit,
711 1761 776 1828 quin
792 1761 885 1810 statim

94 1833 224 1890 diadema
242 1841 373 1899 sumeret,
393 1833 565 1904 speciemque
578 1834 746 1904 principatus
764 1835 794 1886 in
807 1833 886 1900 regni

92 1908 400 1964 formamconverteret.
438 1909 539 1960 Verum
555 1908 723 1972 admonitus,
744 1911 771 1957 et
785 1907 884 1973 princi-

91 1998 158 2052 pum
169 1988 196 2034 et
204 1998 298 2050 regum
308 1999 337 2034 se
348 1983 496 2036 excessisse
505 1982 659 2048 fastigium,
676 1980 795 2032 divinam
806 1995 840 2030 ex
850 1996 883 2032 eo

91 2057 264 2115 maiestatem
275 2072 396 2116 asserere
412 2057 466 2110 sibi
480 2057 579 2126 coepit.
618 2055 747 2122 Dotoque
761 2054 884 2119 negotio,

89 2137 123 2182 ut
136 2130 284 2185 simulacra
298 2131 454 2195 nitorirrum,
473 2131 607 2197 religione
620 2133 648 2180 et
663 2132 721 2178 arte
731 2125 883 2194 praeclara,

89 2205 162 2256 inter
177 2220 247 2271 quae
262 2204 386 2271 Olympii
395 2204 480 2268 lovis,
503 2206 712 2272 apportarentur
726 2215 740 2250 e
755 2197 882 2264 Graecia,
899 2239 903 2248 .

91 2279 192 2347 quibus
203 2279 292 2346 capite
302 2277 412 2346 dempto
423 2294 502 2329 situm
511 2279 705 2345 imponeretur,
715 2280 821 2342 partem
830 2273 883 2326 Pa·

89 2352 154 2404 latii
164 2351 300 2404 odiorum
313 2367 399 2420 usque
413 2345 563 2418 promovit,
584 2357 666 2418 atque
680 2347 747 2400 aede
759 2349 883 2400 Castoris

89 2431 118 2480 et
133 2425 256 2478 Pollucis
275 2427 305 2476 in
322 2425 486 2478 vestibulum
501 2425 709 2492 nansfigurata,
730 2423 882 2474 consistens

89 2514 174 2566 saepe
183 2500 255 2552 inter
263 2499 363 2552 fratres
373 2499 440 2552 deos
450 2500 555 2553 medius
566 2496 736 2552 adorandum
747 2496 880 2548 sentierun-

87 2573 165 2630 uuus
175 2573 321 2632 exlubetat
325 2589 334 2639 3
344 2578 372 2628 et
382 2573 493 2642 qsridam
504 2589 565 2626 eum
574 2571 712 2629 nauarent
721 2567 807 2624 locem
818 2585 848 2612 c*
