1964 2962
159 123 210 178 8⁰0
374 193 380 204 ·
437 127 464 172 C.
488 123 670 174 sonroolu

162 246 280 300 Selinus
296 245 332 298 sd
345 244 546 314 praefecturam
555 243 650 308 Urbis,
664 244 754 296 minor
763 241 949 310 Vcspssinmrs
966 241 967 290 l

161 320 198 372 nd
207 321 390 389 principatum
404 319 644 388 usqneprocessit.
682 316 765 370 Polio
773 315 895 371 Nursiae
905 318 949 372 ho·

160 401 239 448 nesto
253 408 352 462 genere
367 398 440 457 orte,
451 399 556 460 patrem
566 390 664 444 hebuit
672 390 835 460 Vespasium
847 391 949 448 Pollio·
966 405 967 410 ¹

159 484 235 534 nem,
253 474 296 520 ter
309 467 447 518 tribunum
462 465 593 530 utilimum,
608 463 830 532 praefectumque
847 475 949 520 castro·

159 557 239 605 rum3
257 540 370 594 fratrem
380 545 535 593 senatorem
543 540 698 608 praetoriae
709 539 865 606 dignitatis.
899 541 949 594 Lo·

161 631 209 686 pus
233 615 317 667 etism
339 629 410 666 nunc
434 613 470 664 ed
494 618 600 666 sextum
623 613 792 666 milliarirun‘
808 628 827 663 ιι
850 613 950 672 Nursia

161 687 314 758 Spoletium
327 688 454 740 euntibus
467 687 497 738 ln
510 692 602 758 monte
616 701 722 738 summo
734 685 894 756 appellamur
903 690 951 742 Ve-

160 763 288 830 spasiec3
317 762 366 814 nbi
388 760 586 830 Vespssiorum
610 759 753 828 complura
774 771 953 816 monumenta

161 841 280 898 exstant,
301 835 428 903 magnum
447 833 579 886 indicium
599 833 753 903 splendoris
770 833 910 903 laminae,
930 847 956 890 et

159 909 313 962 numetis.
352 907 415 962 Nou
428 908 768 976 negaverim,iootatume
794 909 955 976 uibusdam,

159 981 287 1036 Petronis
297 986 402 1052 petrem
411 998 435 1034 e
445 982 557 1050 regione
567 981 767 1048 Transpadana
777 925 869 1036 dmm
879 999 955 1038 man

161 1058 249 1127 cipem
260 1071 417 1124 operarum,
433 1071 503 1124 quoe
514 1071 547 1107 ex
556 1055 709 1107 Umbriam
719 1055 839 1108 Sabinos
851 1058 888 1110 ed
900 1060 954 1111 cul·

159 1139 251 1184 turem
261 1144 390 1197 agrorum
400 1129 548 1198 quotannis
563 1140 715 1182 commeare
729 1129 870 1195 solerent,
891 1135 952 1184 sub·
969 1143 970 1170 ³

160 1204 264 1258 sedisse
275 1209 365 1256 nutem
375 1202 644 1272 inoppidolleetino,
649 1217 735 1254 ruore
745 1202 849 1270 ibidem
861 1167 951 1258 ducta.

159 1278 221 1366 lpse
235 1293 270 1330 ne
282 1277 428 1346 vestigium
439 1277 549 1347 quidem
559 1277 593 1330 de
602 1274 668 1341 hoc,
683 1277 808 1345 quemvis
822 1280 893 1374 sotir
909 1297 949 1332 cu·

159 1367 234 1406 noso
243 1353 441 1420 inquirerem
432 1352 532 1404 inveni.

215 1425 251 1478 11.
270 1421 759 1504 Vespasianusuutusestinsebiuis
768 1423 949 1490 ultrnReete‚

150 1499 222 1553 'vico
242 1500 362 1566 modico,
383 1500 428 1552 cni
446 1515 546 1552 nomen
565 1504 607 1552 est
619 1496 791 1563 Phalacrine,
807 1501 950 1568 quimode·

71 1623 74 1628 .
161 1589 233 1626 mmo
245 1573 387 1627 Kalendas
400 1573 574 1637 Decembris,
583 1572 706 1638 uesperi,
703 1571 752 1635 Q
764 1572 890 1641 Sulpicio
903 1575 950 1628 Ge·

159 1649 274 1711 morino,
287 1649 317 1699 0.
328 1647 458 1716 Poppaeo
469 1647 573 1700 Sabino
585 1646 743 1698 consulibus
744 1647 950 1716 ,quinquennio

161 1728 224 1774 aute
234 1737 315 1789 qnam
325 1722 463 1788 Angustos
473 1721 633 1772 excederet:
653 1716 784 1774 educatus
799 1722 851 1773 snb
862 1719 952 1790 peter.-

159 1813 196 1849 na
206 1797 275 1848 ιιιιιι
284 1795 421 1860 Tertulla,
435 1795 465 1848 in
475 1793 596 1861 praediis
608 1793 733 1846 Cosanis.
772 1795 865 1856 Quare
879 1799 953 1866 prin-

161 1887 225 1940 ceps
244 1885 353 1939 qnoque
373 1875 401 1922 et
418 1868 511 1920 locum
528 1867 886 1936 incunabulornmessidue
901 1871 954 1924 fre·

161 1945 314 2013 queutm't,
324 1948 450 1996 monente
459 1941 541 2007 villa,
552 1942 642 2012 qnslls
652 1941 743 1995 fumet
752 1942 829 2009 olim,
839 1959 876 1998 ne
887 1943 955 2014 qnid

130 2055 138 2062 -
160 2019 267 2072 scilicet
286 2018 428 2072 oculorum
448 2016 640 2070 consuetudini
656 2015 813 2083 deperiretr
829 2021 955 2072 etesiae

160 2094 320 2147 memorium
329 2098 474 2160 tantopere
483 2091 590 2154 dilexit,
599 2096 631 2142 ut
640 2089 819 2144 sollemnibus
830 2107 864 2145 ec
873 2092 954 2146 lestis

160 2167 259 2222 diebos
271 2167 377 2240 pocillo·
388 2179 496 2235 quoque
507 2165 565 2216 eius
581 2170 709 2231 argenteo
719 2169 817 2232 potare
827 2182 954 2240 perseve-

159 2243 270 2296 raverit.
309 2237 603 2308 Sumptntogavirlii,
623 2237 709 2290 latum
729 2239 845 2304 clevum,
867 2253 953 2310 quan-

70 2311 75 2320 '
159 2330 242 2382 quarn
251 2316 337 2368 fratre
348 2314 457 2382 adepto
468 2313 516 2365 din
526 2318 666 2365 mersatur
677 2318 730 2375 est
741 2327 791 2366 nec
800 2321 832 2366 ut
840 2315 955 2368 tandem

160 2384 312 2456 appeteret,
324 2386 452 2456 compelli
463 2388 751 2455 nislematrepotuit.
789 2387 955 2444 Eademurn

159 2460 265 2512 extudit
265 2463 372 2528 ,magis
383 2461 508 2513 convicio
519 2475 601 2529 quern
610 2461 738 2528 precibus
747 2460 791 2513 vel
801 2465 954 2515 auctorito-

94 2535 96 2542 ’
157 2537 198 2594 te,
210 2532 274 2590 dum
287 2549 348 2584 eum
361 2533 510 2586 identidem
523 2549 573 2603 per
587 2534 778 2587 contumeliam
794 2538 953 2588 anteambn·

158 2603 248 2674 lonem
262 2596 358 2658 irenis
373 2605 503 2676 appellnt.
541 2608 681 2660 Tribunus
695 2607 813 2662 militurn
823 2611 853 2661 in
864 2609 951 2663 Thra·
