1992 2962
174 149 225 204 280
454 153 482 200 G.
506 151 693 200 SUETONU

174 274 254 344 pacis
266 273 402 328 militibus
414 272 534 338 eductis,
548 287 583 328 ex
592 273 757 344 inproviso,
773 279 859 343 atque
870 274 905 328 in
916 276 978 344 ipsa

176 348 392 413 consultatione,
408 347 593 401 dimicandum
606 347 714 400 fuisset
752 347 791 400 Ac
804 349 907 400 statim
923 366 978 401 mo·

174 423 266 476 tioudi
274 422 406 491 impetum
418 423 508 492 ceplt3
527 429 559 475 ut
567 422 660 486 multi,
671 436 721 474 nec
730 419 845 486 inutra,
858 424 978 492 opinan-

175 505 234 562 tur,
245 495 333 563 magis
347 496 465 565 pudore,
476 511 510 548 ne
524 502 602 548 tanto
612 510 703 548 rerum
717 493 923 571 hominumque
934 515 979 566 pe·

174 571 265 626 tinulo
295 569 512 622 dominationem
541 571 597 622 sibi
626 585 747 622 asserere
770 581 979 639 perseveraret,

175 659 258 714 quam
278 643 469 713 desperatione
487 643 556 708 ulla,
577 651 625 696 aut
639 644 792 696 diffidentia
806 645 979 712 copiarum:

175 719 277 788 quippe
291 718 409 772 residuis
422 718 591 788 integrisque
602 719 686 770 etiam
695 733 779 782 nunc,
796 734 868 787 quas
880 735 979 772 secum

175 793 211 848 ad
231 792 368 846 wcundos
388 807 469 844 casus
490 792 657 857 detinuerat,
672 799 699 844 et
713 793 977 861 supervenientibus

176 866 240 918 aliis
252 881 268 918 e
283 864 437 930 Domitia,
449 865 648 935 Pannoniaque
658 873 685 918 et
695 866 821 918 Moesia:
841 881 878 918 ne
889 868 975 920 victis

175 939 285 1010 qsridem
297 940 367 992 adeo
379 938 498 1004 afflictis,
508 947 605 992 utnon
614 941 644 992 in
653 940 788 992 ultionem
798 941 975 1006 ignominiae

175 1013 285 1083 quidvis
296 1014 463 1068 discrinunis
471 1015 559 1079 ultro,
571 1022 599 1067 et
607 1014 652 1067 vel
661 1013 738 1066 solae
749 1015 885 1066 subirent.

229 1089 265 1142 X.
285 1087 412 1142 interluit
422 1087 486 1142 huic
495 1087 570 1142 bello
581 1095 660 1157 pater
669 1104 745 1140 meus
756 1087 908 1142 Suetonius
920 1089 975 1143 Le·

173 1163 226 1226 uis,
231 1165 330 1216 tertiae
341 1162 463 1214 dechnae
473 1162 592 1230 legionis
602 1163 728 1214 tribunus
739 1163 972 1230 angustielavius.

173 1237 228 1289 lste
241 1253 306 1290 mox
319 1237 422 1290 referre
432 1239 528 1290 crebro
539 1237 659 1300 solebat,
672 1235 807 1288 Othonem
817 1235 904 1288 etiam
914 1241 971 1306 pri-

172 1317 266 1364 vatum
281 1311 453 1381 usqueadeo
469 1312 633 1365 detestatum
648 1311 742 1362 civilia
755 1310 843 1375 bella,
856 1317 903 1376 ut,
913 1328 969 1364 me·

172 1393 298 1440 morante
318 1387 439 1455 quodam
459 1388 532 1453 inter
550 1386 646 1456 epulas
666 1386 700 1436 de
721 1385 812 1438 Cassii
830 1385 968 1454 Brutique

173 1461 262 1524 exitu,
283 1458 476 1524 cohorruerit;
504 1477 556 1514 nec
575 1475 771 1513 concursurum
792 1474 853 1510 cum
875 1458 974 1512 Galba*

169 1531 271 1599 fuisse,
286 1534 343 1588 nisi
352 1535 503 1588 confideret
512 1536 571 1588 sine
581 1533 655 1586 hello
666 1550 722 1585 rem
737 1533 855 1601 transigi
863 1549 968 1602 posse:

170 1613 237 1660 uine
257 1607 293 1660 ad
312 1609 516 1676 despiciendam
535 1609 620 1660 sitam
640 1607 764 1676 exemplo
784 1608 970 1676 manipularis

171 1681 268 1734 militis
279 1684 456 1747 concitatum,
468 1683 527 1752 qui,
539 1697 623 1752 quum
634 1681 740 1734 cladem
750 1681 889 1734 exercitus
898 1699 969 1736 nun-

172 1755 266 1821 ciaret,
277 1773 328 1810 nec
338 1758 467 1826 cuiquam
478 1757 558 1808 iidem
569 1756 680 1820 iaceret,
693 1771 726 1808 ae
735 1771 808 1812 nurse
818 1757 969 1824 mendacii,

170 1845 244 1884 nunc
254 1831 371 1898 timoris,
383 1831 464 1900 qnasi
473 1829 590 1898 fugisset
600 1845 634 1884 ex
645 1831 712 1894 acie,
725 1837 896 1898 argueretur,
902 1833 969 1904 gls-

172 1905 219 1957 dlo
234 1913 298 1959 ante
312 1907 396 1976 pedes
410 1905 469 1957 eius
482 1905 647 1958 incubuerit.
684 1904 748 1956 lloc
765 1904 841 1968 viso,
856 1909 969 1974 procla-

171 1995 261 2034 masse
276 1996 339 2034 eum
352 1980 457 2044 aiebat,
468 1996 521 2032 noa
534 1979 645 2046 nnsplius
659 1995 686 2030 se
699 1978 728 2032 ic
738 1978 886 2046 periculum
901 1983 969 2034 tales

172 2063 277 2122 tamque
297 2053 485 2108 benemeritos
505 2052 690 2106 coniecturum.
729 2053 855 2105 Fratrem
868 2054 967 2122 igitur,

170 2127 320 2200 fratrisque
335 2131 435 2193 lilium,
451 2135 478 2181 et
491 2128 616 2195 singulos
630 2128 781 2180 amicorum
792 2125 968 2196 cohortatus,

60 2209 65 2218 '
170 2209 203 2254 ut
212 2204 267 2256 sihi
277 2205 393 2274 quisque
403 2218 454 2273 pro
464 2202 597 2256 facultate
608 2202 775 2266 consuleret,
791 2202 826 2253 ab
838 2204 969 2271 amplexu

170 2282 199 2328 et
209 2279 304 2330 osculo
316 2295 367 2330 suo
379 2278 485 2331 dimisit
499 2291 606 2341 omnes,
621 2283 782 2346 secretoque
798 2284 910 2344 captato
924 2278 967 2332 bi·

90 2385 93 2394 ,
169 2364 222 2400 nos
237 2352 382 2404 codicillos
397 2353 539 2404 exaravitt
560 2351 596 2402 ad
610 2366 734 2404 sororem
749 2352 966 2418 consolatorios,

170 2421 218 2472 sed
238 2429 266 2474 et
285 2425 321 2482 ad
340 2425 517 2478 Messalinam
538 2424 669 2490 Neronis,
691 2440 773 2495 quam
787 2427 965 2479 matrimonio

170 2493 367 2562 destinaverat,
389 2499 581 2551 commendans
596 2499 729 2568 reliquias
743 2515 809 2551 suas
823 2506 851 2550 et
864 2517 963 2554 meme-

161 2566 248 2618 slam.
297 2570 436 2640 Quicquid
455 2573 554 2624 deinde
573 2573 753 2642 epistolarum
773 2583 846 2638 erat,
859 2589 899 2630 ¹ne
919 2575 963 2626 cui

169 2639 294 2706 periculo
314 2651 363 2697 aut
381 2645 483 2700 noxiae
501 2646 576 2716 apud
589 2647 723 2702 victorem
737 2645 838 2713 terent,
854 2662 963 2704 sonere·
