<?xml version="1.0" encoding="UTF-8"?>
<!DOCTYPE html PUBLIC "-//W3C//DTD XHTML 1.0 Transitional//EN"
    "http://www.w3.org/TR/xhtml1/DTD/xhtml1-transitional.dtd">
<html xmlns="http://www.w3.org/1999/xhtml" xml:lang="en" lang="en">
 <head>
  <title>
</title>
<meta http-equiv="Content-Type" content="text/html;charset=utf-8" />
  <meta name='ocr-system' content='tesseract 3.04.00' />
  <meta name='ocr-capabilities' content='ocr_page ocr_carea ocr_par ocr_line ocrx_word'/>
</head>
<body>
  <div class='ocr_page' id='page_1' title='image "./csuetoniitranqu00weisgoog_0072.png"; bbox 0 0 1964 2970; ppageno 0'>
   <div class='ocr_carea' id='block_1_1' title="bbox 150 93 966 443">
    <p class='ocr_par' dir='ltr' id='par_1_1' title="bbox 150 93 966 443">
     <span class='ocr_line' id='line_1_1' title="bbox 150 93 963 186; baseline -0.016 -29"><span class='ocrx_word' id='word_1_1' title='bbox 150 105 184 158; x_wconf 84' lang='lat' dir='ltr'>oo</span> <span class='ocrx_word' id='word_1_2' title='bbox 427 107 454 155; x_wconf 87' lang='lat' dir='ltr'>c.</span> <span class='ocrx_word' id='word_1_3' title='bbox 478 93 665 153; x_wconf 76' lang='lat' dir='ltr'>sunrouu</span> <span class='ocrx_word' id='word_1_4' title='bbox 886 105 890 112; x_wconf 95' lang='lat'>·</span> <span class='ocrx_word' id='word_1_5' title='bbox 924 121 928 128; x_wconf 90' lang='lat'>-</span> <span class='ocrx_word' id='word_1_6' title='bbox 962 142 963 186; x_wconf 27' lang='grc'>1</span> 
     </span>
     <span class='ocr_line' id='line_1_2' title="bbox 150 223 964 288; baseline -0.004 -8"><span class='ocrx_word' id='word_1_7' title='bbox 150 229 233 288; x_wconf 68' lang='lat' dir='ltr'>lustin</span> <span class='ocrx_word' id='word_1_8' title='bbox 244 235 271 280; x_wconf 85' lang='lat' dir='ltr'>et</span> <span class='ocrx_word' id='word_1_9' title='bbox 280 229 450 280; x_wconf 34' lang='lat' dir='ltr'>necessariis,</span> <span class='ocrx_word' id='word_1_10' title='bbox 458 227 549 278; x_wconf 77' lang='lat' dir='ltr'>causis</span> <span class='ocrx_word' id='word_1_11' title='bbox 558 225 661 276; x_wconf 86' lang='lat' dir='ltr'>bellum</span> <span class='ocrx_word' id='word_1_12' title='bbox 670 223 772 276; x_wconf 88' lang='lat' dir='ltr'>intulit.</span> <span class='ocrx_word' id='word_1_13' title='bbox 812 225 951 281; x_wconf 82' lang='lat' dir='ltr'>Tantum.</span> <span class='ocrx_word' id='word_1_14' title='bbox 963 235 964 258; x_wconf 63' lang='lat'><em>³</em></span> 
     </span>
     <span class='ocr_line' id='line_1_3' title="bbox 151 298 965 370; baseline -0.001 -17"><span class='ocrx_word' id='word_1_15' title='bbox 151 313 204 370; x_wconf 90' lang='lat' dir='ltr'>que</span> <span class='ocrx_word' id='word_1_16' title='bbox 218 301 308 357; x_wconf 83' lang='lat' dir='ltr'>abfuit</span> <span class='ocrx_word' id='word_1_17' title='bbox 322 317 339 353; x_wconf 91' lang='lat' dir='ltr'>a</span> <span class='ocrx_word' id='word_1_18' title='bbox 353 301 503 370; x_wconf 87' lang='lat' dir='ltr'>cupiditate</span> <span class='ocrx_word' id='word_1_19' title='bbox 518 313 629 367; x_wconf 88' lang='lat' dir='ltr'>quoquo</span> <span class='ocrx_word' id='word_1_20' title='bbox 644 298 727 350; x_wconf 91' lang='lat' dir='ltr'>modo</span> <span class='ocrx_word' id='word_1_21' title='bbox 741 298 886 367; x_wconf 87' lang='lat' dir='ltr'>imperium</span> <span class='ocrx_word' id='word_1_22' title='bbox 903 303 965 356; x_wconf 51' lang='lat' dir='ltr'>velt</span> 
     </span>
     <span class='ocr_line' id='line_1_4' title="bbox 150 372 966 443; baseline -0.011 -16"><span class='ocrx_word' id='word_1_23' title='bbox 150 376 279 428; x_wconf 85' lang='lat' dir='ltr'>bellicam</span> <span class='ocrx_word' id='word_1_24' title='bbox 292 376 410 443; x_wconf 76' lang='lat' dir='ltr'><strong>gloriam</strong></span> <span class='ocrx_word' id='word_1_25' title='bbox 425 375 555 441; x_wconf 75' lang='lat' dir='ltr'>erigendi,</span> <span class='ocrx_word' id='word_1_26' title='bbox 575 375 606 424; x_wconf 80' lang='lat' dir='ltr'>rit</span> <span class='ocrx_word' id='word_1_27' title='bbox 623 372 794 440; x_wconf 88' lang='lat' dir='ltr'>quorundam</span> <span class='ocrx_word' id='word_1_28' title='bbox 809 373 950 428; x_wconf 84' lang='lat' dir='ltr'>barbaro.</span> <span class='ocrx_word' id='word_1_29' title='bbox 965 424 966 438; x_wconf 13' lang='grc' dir='ltr'>ἵ</span> 
     </span>
    </p>
   </div>
   <div class='ocr_carea' id='block_1_2' title="bbox 149 447 966 518">
    <p class='ocr_par' dir='ltr' id='par_1_2' title="bbox 149 447 966 518">
     <span class='ocr_line' id='line_1_5' title="bbox 149 447 966 518; baseline 0 -17"><span class='ocrx_word' id='word_1_30' title='bbox 149 465 211 502; x_wconf 85' lang='lat' dir='ltr'>rum</span> <span class='ocrx_word' id='word_1_31' title='bbox 220 451 357 518; x_wconf 81' lang='lat' dir='ltr'>principes</span> <span class='ocrx_word' id='word_1_32' title='bbox 367 451 396 500; x_wconf 88' lang='lat' dir='ltr'>ln</span> <span class='ocrx_word' id='word_1_33' title='bbox 407 449 474 500; x_wconf 86' lang='lat' dir='ltr'>aede</span> <span class='ocrx_word' id='word_1_34' title='bbox 483 447 583 498; x_wconf 80' lang='lat' dir='ltr'>Martia</span> <span class='ocrx_word' id='word_1_35' title='bbox 593 447 698 498; x_wconf 77' lang='lat' dir='ltr'>Ultoris</span> <span class='ocrx_word' id='word_1_36' title='bbox 707 447 800 498; x_wconf 86' lang='lat' dir='ltr'>iurare</span> <span class='ocrx_word' id='word_1_37' title='bbox 811 450 950 516; x_wconf 68' lang='lat' dir='ltr'>coegerit,</span> <span class='ocrx_word' id='word_1_38' title='bbox 964 453 966 468; x_wconf 69' lang='lat'><strong><em>¹</em></strong></span> 
     </span>
    </p>
   </div>
   <div class='ocr_carea' id='block_1_3' title="bbox 53 517 967 590">
    <p class='ocr_par' dir='ltr' id='par_1_3' title="bbox 53 517 967 590">
     <span class='ocr_line' id='line_1_6' title="bbox 53 517 967 590; baseline -0.002 -14"><span class='ocrx_word' id='word_1_39' title='bbox 53 541 58 554; x_wconf 86' lang='lat'><strong><em>¹</em></strong></span> <span class='ocrx_word' id='word_1_40' title='bbox 149 539 295 576; x_wconf 77' lang='lat' dir='ltr'>mansuros</span> <span class='ocrx_word' id='word_1_41' title='bbox 310 539 339 575; x_wconf 79' lang='lat' dir='ltr'>ce</span> <span class='ocrx_word' id='word_1_42' title='bbox 352 523 381 574; x_wconf 89' lang='lat' dir='ltr'>in</span> <span class='ocrx_word' id='word_1_43' title='bbox 392 521 445 573; x_wconf 81' lang='lat' dir='ltr'>fide</span> <span class='ocrx_word' id='word_1_44' title='bbox 456 535 488 572; x_wconf 88' lang='lat' dir='ltr'>ae</span> <span class='ocrx_word' id='word_1_45' title='bbox 497 536 579 589; x_wconf 87' lang='lat' dir='ltr'>paee,</span> <span class='ocrx_word' id='word_1_46' title='bbox 599 535 681 589; x_wconf 86' lang='lat' dir='ltr'>quam</span> <span class='ocrx_word' id='word_1_47' title='bbox 695 526 830 589; x_wconf 81' lang='lat' dir='ltr'>peterent3</span> <span class='ocrx_word' id='word_1_48' title='bbox 850 535 869 571; x_wconf 90' lang='lat' dir='ltr'>a</span> <span class='ocrx_word' id='word_1_49' title='bbox 883 525 950 590; x_wconf 89' lang='lat' dir='ltr'>qui·</span> <span class='ocrx_word' id='word_1_50' title='bbox 966 517 967 552; x_wconf 67' lang='lat'><em>³</em></span> 
     </span>
    </p>
   </div>
   <div class='ocr_carea' id='block_1_4' title="bbox 149 593 950 885">
    <p class='ocr_par' dir='ltr' id='par_1_4' title="bbox 149 593 950 885">
     <span class='ocr_line' id='line_1_7' title="bbox 149 593 950 662; baseline 0.001 -14"><span class='ocrx_word' id='word_1_51' title='bbox 149 598 265 650; x_wconf 79' lang='lat' dir='ltr'>buadarn</span> <span class='ocrx_word' id='word_1_52' title='bbox 275 613 340 649; x_wconf 87' lang='lat' dir='ltr'>vero</span> <span class='ocrx_word' id='word_1_53' title='bbox 351 611 452 648; x_wconf 89' lang='lat' dir='ltr'>novum</span> <span class='ocrx_word' id='word_1_54' title='bbox 462 609 547 662; x_wconf 80' lang='lat' dir='ltr'>genua</span> <span class='ocrx_word' id='word_1_55' title='bbox 558 593 826 658; x_wconf 60' lang='lat' dir='ltr'>obsidumffeminec,</span> <span class='ocrx_word' id='word_1_56' title='bbox 832 595 950 662; x_wconf 80' lang='lat' dir='ltr'>exigere</span> 
     </span>
     <span class='ocr_line' id='line_1_8' title="bbox 149 669 949 739; baseline -0.001 -16"><span class='ocrx_word' id='word_1_57' title='bbox 149 672 308 723; x_wconf 71' lang='lat' dir='ltr'>tentaverit:</span> <span class='ocrx_word' id='word_1_58' title='bbox 329 669 404 739; x_wconf 89' lang='lat' dir='ltr'>quod</span> <span class='ocrx_word' id='word_1_59' title='bbox 422 669 561 736; x_wconf 86' lang='lat' dir='ltr'>negligere</span> <span class='ocrx_word' id='word_1_60' title='bbox 579 669 697 719; x_wconf 88' lang='lat' dir='ltr'>marium</span> <span class='ocrx_word' id='word_1_61' title='bbox 710 669 829 736; x_wconf 86' lang='lat' dir='ltr'>pignora</span> <span class='ocrx_word' id='word_1_62' title='bbox 843 671 949 723; x_wconf 75' lang='lat' dir='ltr'>sentie-</span> 
     </span>
     <span class='ocr_line' id='line_1_9' title="bbox 149 741 950 812; baseline 0 -16"><span class='ocrx_word' id='word_1_63' title='bbox 149 746 210 796; x_wconf 86' lang='lat' dir='ltr'>bat:</span> <span class='ocrx_word' id='word_1_64' title='bbox 220 751 349 796; x_wconf 86' lang='lat' dir='ltr'>ettamen</span> <span class='ocrx_word' id='word_1_65' title='bbox 359 749 523 811; x_wconf 71' lang='lat' dir='ltr'>potestatem</span> <span class='ocrx_word' id='word_1_66' title='bbox 533 757 640 810; x_wconf 77' lang='lat' dir='ltr'>semper</span> <span class='ocrx_word' id='word_1_67' title='bbox 651 741 863 806; x_wconf 79' lang='lat' dir='ltr'>omuibualecit,</span> <span class='ocrx_word' id='word_1_68' title='bbox 876 759 950 812; x_wconf 86' lang='lat' dir='ltr'>quo·</span> 
     </span>
     <span class='ocr_line' id='line_1_10' title="bbox 149 816 950 885; baseline 0.004 -16"><span class='ocrx_word' id='word_1_69' title='bbox 149 819 202 870; x_wconf 80' lang='lat' dir='ltr'>ties</span> <span class='ocrx_word' id='word_1_70' title='bbox 212 817 325 880; x_wconf 89' lang='lat' dir='ltr'>vellent,</span> <span class='ocrx_word' id='word_1_71' title='bbox 337 817 447 868; x_wconf 78' lang='lat' dir='ltr'>obsides</span> <span class='ocrx_word' id='word_1_72' title='bbox 458 817 616 885; x_wconf 87' lang='lat' dir='ltr'>recipiendi.</span> <span class='ocrx_word' id='word_1_73' title='bbox 655 816 750 884; x_wconf 89' lang='lat' dir='ltr'>Neque</span> <span class='ocrx_word' id='word_1_74' title='bbox 761 823 809 867; x_wconf 79' lang='lat' dir='ltr'>ant</span> <span class='ocrx_word' id='word_1_75' title='bbox 819 818 950 872; x_wconf 79' lang='lat' dir='ltr'>crebrius</span> 
     </span>
    </p>
   </div>
   <div class='ocr_carea' id='block_1_5' title="bbox 57 890 949 960">
    <p class='ocr_par' dir='ltr' id='par_1_5' title="bbox 57 890 949 960">
     <span class='ocr_line' id='line_1_11' title="bbox 57 890 949 960; baseline 0.002 -18"><span class='ocrx_word' id='word_1_76' title='bbox 57 925 60 932; x_wconf 86' lang='lat'>-</span> <span class='ocrx_word' id='word_1_77' title='bbox 150 897 199 942; x_wconf 74' lang='lat' dir='ltr'>alit</span> <span class='ocrx_word' id='word_1_78' title='bbox 217 890 393 960; x_wconf 72' lang='lat' dir='ltr'>perfidiosius</span> <span class='ocrx_word' id='word_1_79' title='bbox 413 891 577 943; x_wconf 78' lang='lat' dir='ltr'>rebellantes</span> <span class='ocrx_word' id='word_1_80' title='bbox 591 891 719 958; x_wconf 81' lang='lat' dir='ltr'>graviore</span> <span class='ocrx_word' id='word_1_81' title='bbox 732 905 852 959; x_wconf 86' lang='lat' dir='ltr'>unquam</span> <span class='ocrx_word' id='word_1_82' title='bbox 867 891 949 944; x_wconf 64' lang='lat' dir='ltr'>ultera</span> 
     </span>
    </p>
   </div>
   <div class='ocr_carea' id='block_1_6' title="bbox 119 963 955 2669">
    <p class='ocr_par' dir='ltr' id='par_1_6' title="bbox 119 963 952 1772">
     <span class='ocr_line' id='line_1_12' title="bbox 149 963 951 1034; baseline 0.002 -17"><span class='ocrx_word' id='word_1_83' title='bbox 149 971 191 1017; x_wconf 76' lang='lat' dir='ltr'>ebt</span> <span class='ocrx_word' id='word_1_84' title='bbox 200 979 302 1033; x_wconf 88' lang='lat' dir='ltr'>poena,</span> <span class='ocrx_word' id='word_1_85' title='bbox 315 981 397 1034; x_wconf 87' lang='lat' dir='ltr'>quam</span> <span class='ocrx_word' id='word_1_86' title='bbox 406 972 437 1016; x_wconf 91' lang='lat' dir='ltr'>ut</span> <span class='ocrx_word' id='word_1_87' title='bbox 448 966 572 1033; x_wconf 75' lang='lat' dir='ltr'>captivos</span> <span class='ocrx_word' id='word_1_88' title='bbox 582 967 632 1016; x_wconf 77' lang='lat' dir='ltr'>cub</span> <span class='ocrx_word' id='word_1_89' title='bbox 642 966 702 1032; x_wconf 84' lang='lat' dir='ltr'>loge</span> <span class='ocrx_word' id='word_1_90' title='bbox 712 963 894 1029; x_wconf 80' lang='lat' dir='ltr'>venundaret,</span> <span class='ocrx_word' id='word_1_91' title='bbox 911 983 951 1019; x_wconf 86' lang='lat' dir='ltr'>ne</span> 
     </span>
     <span class='ocr_line' id='line_1_13' title="bbox 148 1039 950 1106; baseline 0.002 -16"><span class='ocrx_word' id='word_1_92' title='bbox 148 1040 178 1091; x_wconf 89' lang='lat' dir='ltr'>in</span> <span class='ocrx_word' id='word_1_93' title='bbox 187 1040 279 1091; x_wconf 83' lang='lat' dir='ltr'>vicina</span> <span class='ocrx_word' id='word_1_94' title='bbox 288 1041 400 1106; x_wconf 80' lang='lat' dir='ltr'>regione</span> <span class='ocrx_word' id='word_1_95' title='bbox 410 1041 551 1104; x_wconf 76' lang='lat' dir='ltr'>servirent,</span> <span class='ocrx_word' id='word_1_96' title='bbox 557 1055 623 1090; x_wconf 88' lang='lat' dir='ltr'>neve</span> <span class='ocrx_word' id='word_1_97' title='bbox 633 1040 707 1090; x_wconf 85' lang='lat' dir='ltr'>intra</span> <span class='ocrx_word' id='word_1_98' title='bbox 715 1039 885 1102; x_wconf 78' lang='lat' dir='ltr'>tricesimum</span> <span class='ocrx_word' id='word_1_99' title='bbox 897 1055 950 1092; x_wconf 84' lang='lat' dir='ltr'>an-</span> 
     </span>
     <span class='ocr_line' id='line_1_14' title="bbox 148 1112 950 1182; baseline 0.002 -16"><span class='ocrx_word' id='word_1_100' title='bbox 148 1129 213 1166; x_wconf 89' lang='lat' dir='ltr'>num</span> <span class='ocrx_word' id='word_1_101' title='bbox 233 1113 424 1166; x_wconf 79' lang='lat' dir='ltr'>liberarentur.</span> <span class='ocrx_word' id='word_1_102' title='bbox 468 1114 531 1175; x_wconf 77' lang='lat' dir='ltr'>Qua</span> <span class='ocrx_word' id='word_1_103' title='bbox 553 1114 664 1164; x_wconf 77' lang='lat' dir='ltr'>virtutis</span> <span class='ocrx_word' id='word_1_104' title='bbox 688 1112 950 1182; x_wconf 80' lang='lat' dir='ltr'>moderationisque</span> 
     </span>
     <span class='ocr_line' id='line_1_15' title="bbox 119 1185 951 1255; baseline 0.001 -16"><span class='ocrx_word' id='word_1_105' title='bbox 119 1215 124 1220; x_wconf 87' lang='lat'>·</span> <span class='ocrx_word' id='word_1_106' title='bbox 147 1188 224 1239; x_wconf 79' lang='lat' dir='ltr'>fama</span> <span class='ocrx_word' id='word_1_107' title='bbox 234 1188 317 1240; x_wconf 83' lang='lat' dir='ltr'>Indos</span> <span class='ocrx_word' id='word_1_108' title='bbox 327 1189 409 1240; x_wconf 87' lang='lat' dir='ltr'>etiam</span> <span class='ocrx_word' id='word_1_109' title='bbox 421 1203 454 1238; x_wconf 88' lang='lat' dir='ltr'>ae</span> <span class='ocrx_word' id='word_1_110' title='bbox 465 1185 591 1254; x_wconf 79' lang='lat' dir='ltr'>Scythas,</span> <span class='ocrx_word' id='word_1_111' title='bbox 603 1187 700 1238; x_wconf 85' lang='lat' dir='ltr'>auditu</span> <span class='ocrx_word' id='word_1_112' title='bbox 709 1187 792 1239; x_wconf 91' lang='lat' dir='ltr'>modo</span> <span class='ocrx_word' id='word_1_113' title='bbox 804 1189 951 1255; x_wconf 81' lang='lat' dir='ltr'>cognitos,</span> 
     </span>
     <span class='ocr_line' id='line_1_16' title="bbox 148 1259 950 1330; baseline 0.005 -18"><span class='ocrx_word' id='word_1_114' title='bbox 148 1262 263 1330; x_wconf 82' lang='lat' dir='ltr'>pellexit</span> <span class='ocrx_word' id='word_1_115' title='bbox 276 1263 312 1314; x_wconf 89' lang='lat' dir='ltr'>ad</span> <span class='ocrx_word' id='word_1_116' title='bbox 327 1263 476 1314; x_wconf 79' lang='lat' dir='ltr'>amicitiam</span> <span class='ocrx_word' id='word_1_117' title='bbox 492 1275 570 1312; x_wconf 76' lang='lat' dir='ltr'>ariam</span> <span class='ocrx_word' id='word_1_118' title='bbox 580 1261 729 1330; x_wconf 85' lang='lat' dir='ltr'>populique</span> <span class='ocrx_word' id='word_1_119' title='bbox 739 1260 858 1312; x_wconf 82' lang='lat' dir='ltr'>Romani</span> <span class='ocrx_word' id='word_1_120' title='bbox 867 1259 950 1316; x_wconf 88' lang='lat' dir='ltr'>ultro</span> 
     </span>
     <span class='ocr_line' id='line_1_17' title="bbox 149 1333 951 1404; baseline 0.002 -18"><span class='ocrx_word' id='word_1_121' title='bbox 149 1351 198 1402; x_wconf 90' lang='lat' dir='ltr'>per</span> <span class='ocrx_word' id='word_1_122' title='bbox 208 1335 315 1402; x_wconf 83' lang='lat' dir='ltr'>legatos</span> <span class='ocrx_word' id='word_1_123' title='bbox 325 1337 479 1403; x_wconf 86' lang='lat' dir='ltr'>petendam.</span> <span class='ocrx_word' id='word_1_124' title='bbox 518 1333 615 1386; x_wconf 85' lang='lat' dir='ltr'>Parthi</span> <span class='ocrx_word' id='word_1_125' title='bbox 629 1350 738 1404; x_wconf 86' lang='lat' dir='ltr'>quoque</span> <span class='ocrx_word' id='word_1_126' title='bbox 749 1341 776 1386; x_wconf 91' lang='lat' dir='ltr'>et</span> <span class='ocrx_word' id='word_1_127' title='bbox 785 1334 951 1393; x_wconf 80' lang='lat' dir='ltr'>Armeniam</span> 
     </span>
     <span class='ocr_line' id='line_1_18' title="bbox 148 1409 951 1478; baseline 0.002 -17"><span class='ocrx_word' id='word_1_128' title='bbox 148 1409 301 1461; x_wconf 80' lang='lat' dir='ltr'>vindicanti</span> <span class='ocrx_word' id='word_1_129' title='bbox 310 1410 392 1461; x_wconf 81' lang='lat' dir='ltr'>facile</span> <span class='ocrx_word' id='word_1_130' title='bbox 403 1415 554 1473; x_wconf 77' lang='lat' dir='ltr'>cescenant,</span> <span class='ocrx_word' id='word_1_131' title='bbox 575 1415 602 1461; x_wconf 89' lang='lat' dir='ltr'>et</span> <span class='ocrx_word' id='word_1_132' title='bbox 615 1410 695 1476; x_wconf 76' lang='lat' dir='ltr'>signa</span> <span class='ocrx_word' id='word_1_133' title='bbox 705 1409 850 1473; x_wconf 87' lang='lat' dir='ltr'>militaria,</span> <span class='ocrx_word' id='word_1_134' title='bbox 873 1425 951 1478; x_wconf 87' lang='lat' dir='ltr'>quae</span> 
     </span>
     <span class='ocr_line' id='line_1_19' title="bbox 149 1481 951 1551; baseline 0.007 -20"><span class='ocrx_word' id='word_1_135' title='bbox 149 1482 188 1532; x_wconf 87' lang='lat' dir='ltr'>M.</span> <span class='ocrx_word' id='word_1_136' title='bbox 201 1481 302 1534; x_wconf 79' lang='lat' dir='ltr'>Crasso</span> <span class='ocrx_word' id='word_1_137' title='bbox 312 1489 340 1536; x_wconf 81' lang='lat' dir='ltr'>et</span> <span class='ocrx_word' id='word_1_138' title='bbox 349 1484 388 1534; x_wconf 89' lang='lat' dir='ltr'>M.</span> <span class='ocrx_word' id='word_1_139' title='bbox 399 1483 518 1535; x_wconf 82' lang='lat' dir='ltr'>Antonio</span> <span class='ocrx_word' id='word_1_140' title='bbox 528 1483 700 1547; x_wconf 81' lang='lat' dir='ltr'>ademerant,</span> <span class='ocrx_word' id='word_1_141' title='bbox 716 1483 873 1551; x_wconf 73' lang='lat' dir='ltr'>reposcenti</span> <span class='ocrx_word' id='word_1_142' title='bbox 883 1486 951 1537; x_wconf 90' lang='lat' dir='ltr'>red·</span> 
     </span>
     <span class='ocr_line' id='line_1_20' title="bbox 151 1555 949 1628; baseline 0.008 -22"><span class='ocrx_word' id='word_1_143' title='bbox 151 1555 290 1620; x_wconf 89' lang='lat' dir='ltr'>diderunt,</span> <span class='ocrx_word' id='word_1_144' title='bbox 313 1557 477 1625; x_wconf 77' lang='lat' dir='ltr'>obsidesque</span> <span class='ocrx_word' id='word_1_145' title='bbox 494 1557 607 1625; x_wconf 73' lang='lat' dir='ltr'>insuper</span> <span class='ocrx_word' id='word_1_146' title='bbox 620 1557 790 1628; x_wconf 78' lang='lat' dir='ltr'>obtulerlmt3</span> <span class='ocrx_word' id='word_1_147' title='bbox 815 1557 949 1626; x_wconf 86' lang='lat' dir='ltr'>denique,</span> 
     </span>
     <span class='ocr_line' id='line_1_21' title="bbox 150 1629 952 1698; baseline 0.009 -19"><span class='ocrx_word' id='word_1_148' title='bbox 150 1629 275 1696; x_wconf 83' lang='lat' dir='ltr'>pluribus</span> <span class='ocrx_word' id='word_1_149' title='bbox 286 1630 423 1698; x_wconf 88' lang='lat' dir='ltr'>qnondam</span> <span class='ocrx_word' id='word_1_150' title='bbox 435 1631 467 1682; x_wconf 88' lang='lat' dir='ltr'>de</span> <span class='ocrx_word' id='word_1_151' title='bbox 478 1645 562 1698; x_wconf 81' lang='lat' dir='ltr'>regno</span> <span class='ocrx_word' id='word_1_152' title='bbox 578 1632 811 1696; x_wconf 78' lang='lat' dir='ltr'>concertantibus,</span> <span class='ocrx_word' id='word_1_153' title='bbox 831 1635 952 1685; x_wconf 81' lang='lat' dir='ltr'>nonnisi</span> 
     </span>
     <span class='ocr_line' id='line_1_22' title="bbox 152 1703 652 1772; baseline 0.002 -17"><span class='ocrx_word' id='word_1_154' title='bbox 152 1703 259 1772; x_wconf 77' lang='lat' dir='ltr'>abipso</span> <span class='ocrx_word' id='word_1_155' title='bbox 270 1704 385 1754; x_wconf 88' lang='lat' dir='ltr'>electum</span> <span class='ocrx_word' id='word_1_156' title='bbox 397 1706 652 1772; x_wconf 83' lang='lat' dir='ltr'>comprobaverunt.</span> 
     </span>
    </p>

    <p class='ocr_par' dir='ltr' id='par_1_7' title="bbox 149 1777 953 2286">
     <span class='ocr_line' id='line_1_23' title="bbox 159 1777 953 1848; baseline 0.008 -18"><span class='ocrx_word' id='word_1_157' title='bbox 159 1827 164 1840; x_wconf 87' lang='grc'><strong>,</strong></span> <span class='ocrx_word' id='word_1_158' title='bbox 206 1777 294 1830; x_wconf 83' lang='lat' dir='ltr'>xxn.</span> <span class='ocrx_word' id='word_1_159' title='bbox 313 1779 409 1829; x_wconf 89' lang='lat' dir='ltr'>lanum</span> <span class='ocrx_word' id='word_1_160' title='bbox 424 1779 582 1844; x_wconf 76' lang='lat' dir='ltr'>Quirinum,</span> <span class='ocrx_word' id='word_1_161' title='bbox 602 1779 686 1832; x_wconf 82' lang='lat' dir='ltr'>semel</span> <span class='ocrx_word' id='word_1_162' title='bbox 705 1786 787 1848; x_wconf 89' lang='lat' dir='ltr'>atque</span> <span class='ocrx_word' id='word_1_163' title='bbox 806 1780 907 1832; x_wconf 88' lang='lat' dir='ltr'>iterum</span> <span class='ocrx_word' id='word_1_164' title='bbox 932 1797 953 1836; x_wconf 84' lang='lat' dir='ltr'>a</span> 
     </span>
     <span class='ocr_line' id='line_1_24' title="bbox 152 1852 951 1917; baseline 0.009 -14"><span class='ocrx_word' id='word_1_165' title='bbox 152 1852 341 1904; x_wconf 86' lang='lat' dir='ltr'>conditaUrbe</span> <span class='ocrx_word' id='word_1_166' title='bbox 352 1858 414 1904; x_wconf 87' lang='lat' dir='ltr'>ante</span> <span class='ocrx_word' id='word_1_167' title='bbox 424 1855 584 1905; x_wconf 87' lang='lat' dir='ltr'>memoriam</span> <span class='ocrx_word' id='word_1_168' title='bbox 595 1869 673 1905; x_wconf 81' lang='lat' dir='ltr'>cuam</span> <span class='ocrx_word' id='word_1_169' title='bbox 684 1853 951 1917; x_wconf 77' lang='lat' dir='ltr'>clausum,inrnulto</span> 
     </span>
     <span class='ocr_line' id='line_1_25' title="bbox 149 1927 949 1997; baseline 0.005 -19"><span class='ocrx_word' id='word_1_170' title='bbox 149 1927 277 1980; x_wconf 78' lang='lat' dir='ltr'>breviore</span> <span class='ocrx_word' id='word_1_171' title='bbox 287 1929 418 1996; x_wconf 78' lang='lat' dir='ltr'>temporit</span> <span class='ocrx_word' id='word_1_172' title='bbox 429 1928 534 1995; x_wconf 77' lang='lat' dir='ltr'>spatio,</span> <span class='ocrx_word' id='word_1_173' title='bbox 554 1933 628 1980; x_wconf 84' lang='lat' dir='ltr'>terra</span> <span class='ocrx_word' id='word_1_174' title='bbox 638 1928 762 1996; x_wconf 89' lang='lat' dir='ltr'>marique</span> <span class='ocrx_word' id='word_1_175' title='bbox 773 1933 841 1995; x_wconf 82' lang='lat' dir='ltr'>pace</span> <span class='ocrx_word' id='word_1_176' title='bbox 851 1937 949 1997; x_wconf 87' lang='lat' dir='ltr'>parta,</span> 
     </span>
     <span class='ocr_line' id='line_1_26' title="bbox 149 2001 952 2070; baseline -0.009 -17"><span class='ocrx_word' id='word_1_177' title='bbox 149 2008 192 2053; x_wconf 86' lang='lat' dir='ltr'>ter</span> <span class='ocrx_word' id='word_1_178' title='bbox 203 2001 292 2053; x_wconf 81' lang='lat' dir='ltr'>clusit.</span> <span class='ocrx_word' id='word_1_179' title='bbox 330 2002 379 2053; x_wconf 80' lang='lat' dir='ltr'>Bis</span> <span class='ocrx_word' id='word_1_180' title='bbox 391 2017 475 2053; x_wconf 84' lang='lat' dir='ltr'>ovans</span> <span class='ocrx_word' id='word_1_181' title='bbox 485 2003 624 2070; x_wconf 76' lang='lat' dir='ltr'>ingressus</span> <span class='ocrx_word' id='word_1_182' title='bbox 635 2007 677 2054; x_wconf 83' lang='lat' dir='ltr'>eet</span> <span class='ocrx_word' id='word_1_183' title='bbox 686 2002 795 2065; x_wconf 82' lang='lat' dir='ltr'>Urbem,</span> <span class='ocrx_word' id='word_1_184' title='bbox 806 2007 871 2070; x_wconf 86' lang='lat' dir='ltr'>post</span> <span class='ocrx_word' id='word_1_185' title='bbox 881 2002 952 2057; x_wconf 78' lang='lat' dir='ltr'>l‘hi.</span> 
     </span>
     <span class='ocr_line' id='line_1_27' title="bbox 150 2075 953 2144; baseline 0.007 -18"><span class='ocrx_word' id='word_1_186' title='bbox 150 2075 287 2143; x_wconf 82' lang='lat' dir='ltr'>lippence,</span> <span class='ocrx_word' id='word_1_187' title='bbox 308 2082 336 2128; x_wconf 87' lang='lat' dir='ltr'>et</span> <span class='ocrx_word' id='word_1_188' title='bbox 349 2079 443 2128; x_wconf 80' lang='lat' dir='ltr'>rur‘sru</span> <span class='ocrx_word' id='word_1_189' title='bbox 458 2083 522 2144; x_wconf 78' lang='lat' dir='ltr'>post</span> <span class='ocrx_word' id='word_1_190' title='bbox 536 2076 657 2132; x_wconf 87' lang='lat' dir='ltr'>Siculum</span> <span class='ocrx_word' id='word_1_191' title='bbox 677 2075 789 2127; x_wconf 87' lang='lat' dir='ltr'>bellum.</span> <span class='ocrx_word' id='word_1_192' title='bbox 829 2077 953 2132; x_wconf 79' lang='lat' dir='ltr'>Curulea</span> 
     </span>
     <span class='ocr_line' id='line_1_28' title="bbox 150 2148 953 2219; baseline 0.007 -20"><span class='ocrx_word' id='word_1_193' title='bbox 150 2148 305 2219; x_wconf 73' lang='lat' dir='ltr'>triumphos</span> <span class='ocrx_word' id='word_1_194' title='bbox 310 2156 370 2202; x_wconf 85' lang='lat' dir='ltr'>tres</span> <span class='ocrx_word' id='word_1_195' title='bbox 381 2151 445 2217; x_wconf 83' lang='lat' dir='ltr'>egit,</span> <span class='ocrx_word' id='word_1_196' title='bbox 455 2149 655 2214; x_wconf 85' lang='lat' dir='ltr'>Dalmaticum,</span> <span class='ocrx_word' id='word_1_197' title='bbox 666 2149 816 2214; x_wconf 77' lang='lat' dir='ltr'>Actiacum,</span> <span class='ocrx_word' id='word_1_198' title='bbox 827 2149 953 2205; x_wconf 78' lang='lat' dir='ltr'>Alexan-</span> 
     </span>
     <span class='ocr_line' id='line_1_29' title="bbox 152 2222 630 2286; baseline 0.002 -12"><span class='ocrx_word' id='word_1_199' title='bbox 152 2222 269 2286; x_wconf 88' lang='lat' dir='ltr'>drinum,</span> <span class='ocrx_word' id='word_1_200' title='bbox 281 2225 412 2275; x_wconf 82' lang='lat' dir='ltr'>continuo</span> <span class='ocrx_word' id='word_1_201' title='bbox 423 2223 515 2274; x_wconf 87' lang='lat' dir='ltr'>triduo</span> <span class='ocrx_word' id='word_1_202' title='bbox 527 2239 630 2275; x_wconf 78' lang='lat' dir='ltr'>omnes.</span> 
     </span>
    </p>

    <p class='ocr_par' dir='ltr' id='par_1_8' title="bbox 152 2296 955 2669">
     <span class='ocr_line' id='line_1_30' title="bbox 207 2296 954 2366; baseline -0.004 -18"><span class='ocrx_word' id='word_1_203' title='bbox 207 2297 308 2348; x_wconf 84' lang='lat' dir='ltr'><strong>XXIII.</strong></span> <span class='ocrx_word' id='word_1_204' title='bbox 327 2296 433 2350; x_wconf 78' lang='lat' dir='ltr'>Graves</span> <span class='ocrx_word' id='word_1_205' title='bbox 442 2298 610 2364; x_wconf 79' lang='lat' dir='ltr'>ignominias</span> <span class='ocrx_word' id='word_1_206' title='bbox 621 2297 766 2366; x_wconf 78' lang='lat' dir='ltr'>cladesque</span> <span class='ocrx_word' id='word_1_207' title='bbox 778 2297 847 2348; x_wconf 78' lang='lat' dir='ltr'>drraa</span> <span class='ocrx_word' id='word_1_208' title='bbox 858 2305 954 2353; x_wconf 88' lang='lat' dir='ltr'>omni.</span> 
     </span>
     <span class='ocr_line' id='line_1_31' title="bbox 152 2370 954 2440; baseline 0.009 -19"><span class='ocrx_word' id='word_1_209' title='bbox 152 2384 202 2433; x_wconf 84' lang='lat' dir='ltr'>no,</span> <span class='ocrx_word' id='word_1_210' title='bbox 212 2385 264 2421; x_wconf 90' lang='lat' dir='ltr'>nec</span> <span class='ocrx_word' id='word_1_211' title='bbox 274 2371 342 2422; x_wconf 90' lang='lat' dir='ltr'>alibi</span> <span class='ocrx_word' id='word_1_212' title='bbox 351 2386 433 2440; x_wconf 88' lang='lat' dir='ltr'>quam</span> <span class='ocrx_word' id='word_1_213' title='bbox 442 2371 472 2421; x_wconf 89' lang='lat' dir='ltr'>in</span> <span class='ocrx_word' id='word_1_214' title='bbox 484 2370 643 2436; x_wconf 81' lang='lat' dir='ltr'>Germania,</span> <span class='ocrx_word' id='word_1_215' title='bbox 656 2372 775 2440; x_wconf 87' lang='lat' dir='ltr'>accepit,</span> <span class='ocrx_word' id='word_1_216' title='bbox 786 2371 954 2428; x_wconf 85' lang='lat' dir='ltr'>Lollianam</span> 
     </span>
     <span class='ocr_line' id='line_1_32' title="bbox 153 2441 954 2516; baseline 0.006 -20"><span class='ocrx_word' id='word_1_217' title='bbox 153 2450 180 2496; x_wconf 89' lang='lat' dir='ltr'>et</span> <span class='ocrx_word' id='word_1_218' title='bbox 190 2441 353 2507; x_wconf 85' lang='lat' dir='ltr'>Varianam3</span> <span class='ocrx_word' id='word_1_219' title='bbox 369 2446 418 2498; x_wconf 84' lang='lat' dir='ltr'>aed</span> <span class='ocrx_word' id='word_1_220' title='bbox 427 2444 586 2498; x_wconf 86' lang='lat' dir='ltr'>Lollianam</span> <span class='ocrx_word' id='word_1_221' title='bbox 596 2447 711 2498; x_wconf 86' lang='lat' dir='ltr'>maioris</span> <span class='ocrx_word' id='word_1_222' title='bbox 720 2444 853 2497; x_wconf 80' lang='lat' dir='ltr'>infamiae</span> <span class='ocrx_word' id='word_1_223' title='bbox 864 2461 954 2516; x_wconf 82' lang='lat' dir='ltr'>quarn</span> 
     </span>
     <span class='ocr_line' id='line_1_33' title="bbox 152 2517 955 2592; baseline -0.004 -14"><span class='ocrx_word' id='word_1_224' title='bbox 152 2517 321 2588; x_wconf 50' lang='lat' dir='ltr'>detrimen&amp;</span> <span class='ocrx_word' id='word_1_225' title='bbox 340 2519 490 2578; x_wconf 76' lang='lat' dir='ltr'>Varianam</span> <span class='ocrx_word' id='word_1_226' title='bbox 504 2535 592 2592; x_wconf 88' lang='lat' dir='ltr'>paene</span> <span class='ocrx_word' id='word_1_227' title='bbox 606 2519 788 2582; x_wconf 85' lang='lat' dir='ltr'>exitiabilem,</span> <span class='ocrx_word' id='word_1_228' title='bbox 809 2521 900 2572; x_wconf 81' lang='lat' dir='ltr'>tribus</span> <span class='ocrx_word' id='word_1_229' title='bbox 911 2523 955 2576; x_wconf 90' lang='lat' dir='ltr'>le-</span> 
     </span>
     <span class='ocr_line' id='line_1_34' title="bbox 152 2591 955 2669; baseline 0.001 -16"><span class='ocrx_word' id='word_1_230' title='bbox 152 2599 282 2669; x_wconf 69' lang='lat' dir='ltr'>gionibus</span> <span class='ocrx_word' id='word_1_231' title='bbox 302 2615 364 2652; x_wconf 87' lang='lat' dir='ltr'>curu</span> <span class='ocrx_word' id='word_1_232' title='bbox 384 2599 452 2653; x_wconf 90' lang='lat' dir='ltr'>duce</span> <span class='ocrx_word' id='word_1_233' title='bbox 471 2595 625 2668; x_wconf 76' lang='lat' dir='ltr'>legatisque</span> <span class='ocrx_word' id='word_1_234' title='bbox 644 2599 672 2650; x_wconf 87' lang='lat' dir='ltr'>et</span> <span class='ocrx_word' id='word_1_235' title='bbox 691 2591 804 2650; x_wconf 74' lang='lat' dir='ltr'>auxiliis</span> <span class='ocrx_word' id='word_1_236' title='bbox 820 2594 955 2654; x_wconf 77' lang='lat' dir='ltr'>omnibus</span> 
     </span>
    </p>
   </div>
   <div class='ocr_carea' id='block_1_7' title="bbox 0 0 989 2970">
    <p class='ocr_par' dir='ltr' id='par_1_9' title="bbox 0 0 989 2970">
     <span class='ocr_line' id='line_1_35' title="bbox 0 0 989 2970; baseline 0 0"><span class='ocrx_word' id='word_1_237' title='bbox 0 0 989 2970; x_wconf 95' lang='lat' dir='ltr'> </span> 
     </span>
    </p>
   </div>
  </div>
 </body>
</html>
