1992 2962
319 171 431 220 oruo.
467 170 545 219 cnr
563 172 644 220 1-s.
815 149 876 220 'nro

82 260 194 358 ¹frande,
210 307 290 362 quem
302 294 484 362 prodentibus
498 295 584 346 servis
597 309 690 346 necem
701 293 818 366 Claudio
828 309 876 364 pa·

83 383 146 421 rare
157 375 335 436 compererat.
374 368 499 436 Namque
513 375 540 421 et
553 373 665 420 senatus
678 365 800 420 honore
792 370 875 420 raris-

9 431 10 444 *
83 442 168 507 sirno,
183 442 551 511 statualnl'alatioposlta,
566 437 782 510 prosecutusest
795 458 875 494 eum.

76 523 113 569 vet
122 517 255 568 Claudius
270 516 398 570 allectum
410 518 483 569 inter
496 516 629 585 patricios
643 515 805 568 collaudans
820 531 875 567 am-

83 591 216 660 plissimis
226 590 329 656 verbis,
340 589 408 642 baec
418 605 528 659 quoque
539 591 658 642 ad1ecit
683 587 743 652 Vir,
759 606 809 656 quo
823 606 875 641 me-

85 663 163 714 liores
182 664 275 716 liberos
295 664 390 716 doben
409 681 441 716 ne
456 673 516 732 opto
530 663 641 731 quidem.
680 663 723 715 Ex
732 664 813 716 Albia
823 664 876 716 Tc

85 739 186 802 rentia,
197 739 345 804 splendida
358 737 472 803 femina,
484 740 554 791 duos
567 738 633 791 tulit
646 737 732 803 illios,
742 738 777 790 L.
788 738 876 790 Titia-

84 827 159 876 num,
169 819 198 864 et
207 813 339 864 minorem
349 813 475 865 Marcum
485 813 673 880 cognominem
684 813 756 875 sibi;
775 813 841 865 tulit
850 819 878 864 et

85 885 184 949 liliam,
203 901 299 953 quam,
319 888 441 940 nondum
454 887 587 952 nubilem,
603 885 708 952 Druso,
720 885 878 940 Gennanici

85 959 154 1023 lilio,
166 959 320 1027 despondit.

142 1033 177 1084 ll.
198 1032 270 1086 Otho
282 1029 434 1102 imperator
446 1033 494 1088 IV.
504 1029 646 1088 Kalendae
654 1035 726 1088 mail
734 1041 877 1101 natusest,

87 1107 204 1160 Camillo
224 1107 368 1174 Arruntio,
383 1109 509 1162 Domitio
522 1111 687 1162 aenobarbo
708 1109 877 1164 consulibus.

86 1183 208 1247 Aprima
227 1182 415 1235 adolescentia
429 1185 563 1251 prodigus
578 1199 612 1238 ac
623 1198 741 1252 procax,
762 1182 832 1236 adeo
845 1191 879 1239 ut

87 1271 169 1323 saepe
179 1256 274 1324 flagris
285 1257 604 1325 obiurgareturapatre.
632 1257 785 1310 Ferebatur
794 1264 877 1311 etva-

86 1331 149 1398 gari
161 1332 289 1382 noctibus
304 1331 415 1396 nolitne,
428 1337 510 1400 atque
523 1331 675 1384 invalidum
685 1347 819 1400 quemque
830 1333 878 1385 ob-

85 1405 194 1456 viorum
213 1405 257 1456 vel
275 1405 447 1474 potulentum
462 1405 612 1474 corripere,
629 1421 662 1459 ac
676 1406 795 1460 distento
810 1421 878 1476 sago

86 1480 246 1546 impositum
264 1481 294 1531 in
314 1479 429 1531 sublime
442 1480 557 1532 iactare.
598 1479 667 1533 Post
679 1481 767 1550 patris
781 1482 879 1534 deinde

86 1559 215 1617 mortem,
236 1553 391 1606 libertinam
406 1555 526 1606 aulicam
539 1555 702 1622 gratiosam,
723 1571 778 1625 quo
789 1557 880 1608 effica-

10 1639 11 1648 ²
89 1627 148 1678 cius
159 1626 273 1693 coleret,
285 1629 367 1681 etiam
378 1629 493 1697 diligere
503 1627 651 1694 simulavit,
663 1631 788 1698 quamvis
798 1645 881 1682 auum

88 1717 122 1753 ac
136 1716 222 1770 paene
233 1704 408 1772 decrepitam.
446 1702 500 1756 Per
513 1701 585 1756 hanc
597 1705 753 1756 insinuatus
767 1703 881 1769 Neroni,

88 1775 171 1828 facile
181 1793 315 1829 summum
324 1779 396 1830 inter
406 1779 511 1829 anticos
521 1778 614 1830 locum
623 1778 720 1844 tenuit,
732 1793 881 1846 congruen-

88 1851 130 1902 tia
139 1865 259 1913 morum;
277 1858 310 1903 ut
319 1867 384 1904 vero
395 1853 508 1921 quidam
517 1854 637 1917 tradunt,
648 1860 675 1905 et
685 1852 883 1904 consuetudine

88 1925 179 1976 mutui
191 1926 297 1994 stupri:
318 1940 352 1977 ac
364 1933 471 1978 tantum
480 1929 605 1994 potentia
615 1926 714 1989 valuit,
728 1933 760 1976 ut
771 1926 882 1976 damna-

88 2005 148 2051 tum
161 1999 320 2066 repetundis
330 2001 503 2051 consularem
512 2001 614 2064 virum,
624 2000 721 2066 ingens
730 1999 883 2067 praemium

89 2078 200 2140 paetus,
215 2073 376 2139 priusquam
390 2074 471 2143 plane
484 2075 686 2126 restitutionem
700 2073 727 2124 ei
739 2072 882 2140 impetras·

91 2153 145 2208 set,
156 2160 212 2196 non
223 2146 362 2199 dubitaret
370 2147 400 2198 in
410 2153 536 2200 senatum
546 2147 582 2200 ad
593 2147 714 2214 agendas
726 2147 832 2214 gratias
842 2148 883 2198 in·

11 2259 12 2264 η
90 2219 244 2270 trodueere.

147 2291 196 2342 lll.
217 2291 344 2343 Omnium
358 2299 450 2346 autem
464 2294 645 2346 consiliorum
662 2301 884 2363 secretorumque

11 2425 12 2430 ἵ
92 2365 240 2436 particeps,
252 2366 305 2430 die,
316 2382 396 2435 quem
405 2367 479 2418 Nero
490 2367 629 2420 necandae
639 2369 722 2421 matri
732 2368 884 2422 destinave-

91 2447 148 2505 rat,
170 2441 206 2494 ad
221 2441 382 2493 avertendas
400 2442 572 2511 suspiciones
580 2457 703 2500 coenam
714 2445 825 2513 utrique
839 2459 886 2498 ax·

93 2516 290 2584 quisitissimac
305 2517 444 2569 comitatis
459 2515 544 2570 dedit.
581 2516 649 2570 Item
663 2516 822 2588 Poppaeam
836 2518 885 2571 Sa·

11 2587 13 2596 '
91 2591 199 2658 binam,
219 2599 286 2646 tunc
300 2591 390 2646 adhuc
399 2593 515 2644 amicam
525 2593 597 2657 elus,
618 2592 764 2646 abductam
773 2593 885 2658 marito,

11 2729 13 2738 ,
94 2668 340 2739 demandatamque
349 2667 459 2723 iuterim
469 2668 532 2736 sibl,
543 2668 702 2740 nuptiarum
710 2667 802 2739 specle
811 2683 886 2723 rece·
