1964 2962
149 137 198 187 sos
333 125 336 132 '
424 137 451 182 o.
479 114 662 183 sunnonis

148 258 208 311 otio
222 271 384 325 secessuque
399 257 467 325 egit,
482 253 659 324 Agrippinam
675 255 786 320 timens,
801 261 945 322 potentem
965 253 966 292 ³

147 329 237 384 adhue
252 331 326 399 apud
339 331 425 384 tilium
440 337 467 390 et
481 330 603 382 defuncti
613 345 722 398 qnoque
736 329 866 382 Narcissi
876 333 944 382 ami-
965 329 966 332 ’

147 419 341 474 cesperossm.
379 403 609 460 Exindesortitus
619 402 944 471 Airicnm‚integerrime

143 495 195 532 nec
204 481 263 531 sine
272 493 372 546 magna
382 477 542 546 dignatione
549 477 772 552 ¹adminIstrevit3
792 479 851 528 nisi
867 480 945 546 quod
965 501 966 506 ¹

144 553 285 606 Adrumeti
298 553 434 604 seditione
449 552 567 620 quadam
581 566 651 618 rapa
664 551 693 604 in
706 567 769 602 eum
777 551 857 604 iacta
867 560 942 605 sunt.
965 579 966 582 ¹

142 627 236 680 Rediit
256 633 328 680 certe
347 624 433 678 nihilo
455 625 619 694 opulentior,
639 625 741 692 utqui,
761 625 850 692 probe
866 626 942 680 labe·

142 701 219 754 iacta
228 701 284 752 iam
295 700 362 765 fide,
373 700 466 752 omnia
475 699 590 767 praedia
599 697 681 750 fratri
690 698 834 766 obligarit,
846 715 942 754 ueces-
953 749 959 765 ,

88 810 91 820 ·
143 775 272 842 serioque
288 774 324 825 ad
333 773 512 842 mangonicos
522 777 651 840 quaestus
661 773 838 845 sestinendse
850 773 941 843 digni-
965 837 966 842 ἵ

142 849 208 900 tetis
223 863 308 900 cansa
321 846 509 911 descenderit3
533 839 646 915 propter
660 846 735 915 quoti
748 847 832 915 vulgo
846 848 941 902 Mulio
965 845 966 864 ³

142 923 304 976 vocabatur.
343 922 490 974 convictus
510 935 619 989 quoque
639 919 743 972 dicitur
759 919 879 974 ducenta
899 940 942 976 se·

126 997 240 1054 ,stertis
249 997 415 1065 expressisse
424 995 525 1058 iuveni,
537 996 583 1046 cui
591 994 677 1046 latum
689 994 795 1047 clavum
806 995 940 1049 adversus

143 1071 231 1138 petris
241 1071 409 1123 voluntatem
418 1070 588 1138 irnpetrerat,
599 1083 687 1137 eoque
696 1069 806 1120 nornine
816 1073 939 1137 graviter
965 1121 966 1132 ,

142 1145 306 1213 increpitus„
349 1143 572 1226 Peregrinatione
591 1141 712 1194 Achaica
730 1143 802 1195 inter
822 1147 937 1197 comites
965 1139 966 1142 ’

144 1218 273 1284 Neronis,
295 1233 377 1288 quum
397 1223 523 1276 cantante
538 1233 571 1270 eo
587 1222 634 1270 eut
650 1215 802 1289 discederet
815 1221 935 1287 saepius,

141 1299 194 1344 out
208 1308 337 1359 praesens
353 1293 576 1356 obdormisceret,
596 1287 786 1359 gravissimam
800 1295 938 1345 contraxit
952 1325 955 1340 .

146 1365 293 1420 offensem:
312 1365 521 1435 prohibitusque
530 1381 586 1418 non
597 1366 774 1418 contubernio
785 1365 880 1432 modo,
891 1368 936 1419 sed

146 1441 229 1492 efiam
241 1441 353 1510 publice
367 1441 546 1506 salutatione,
561 1441 674 1492 secessit
686 1441 716 1490 in
725 1454 837 1507 parvam
849 1457 883 1494 ae
893 1442 936 1493 de·

146 1515 219 1566 viam
229 1515 379 1580 cixdtatem,
394 1516 487 1583 quoad
496 1515 593 1567 latenti
602 1505 738 1582 etiamque
748 1520 871 1567 extrema
883 1532 935 1568 me·
965 1581 966 1586 Ἰ

146 1590 234 1640 menti
252 1590 396 1656 provincie
415 1605 476 1641 eum
490 1590 612 1641 exercitu
626 1589 721 1640 oblata
734 1594 783 1640 est.
827 1588 935 1642 Percre-

146 1663 244 1715 buerat
260 1663 371 1715 Oriente
383 1669 444 1716 toto
455 1669 533 1715 vetus
543 1669 571 1715 et
581 1669 708 1715 constans
720 1663 828 1730 opinio,
839 1679 900 1716 esse
909 1666 937 1714 in
965 1665 966 1686 ³

146 1736 225 1803 fatis,
240 1743 272 1788 ut
286 1753 323 1790 eo
333 1744 455 1804 tempore
470 1737 572 1788 Iudaea
585 1735 704 1804 profecti
717 1751 805 1789 rerum
816 1740 937 1805 potiren·
965 1793 966 1802 p

145 1820 200 1864 tur.
238 1811 283 1876 ld,
304 1811 337 1863 de
355 1812 521 1878 imperatore
535 1805 682 1876 Ror'ueno,¹
695 1816 827 1879 quantum
840 1819 938 1864 eventu
965 1811 966 1816 ’

145 1891 244 1954 postea
256 1885 359 1952 patuit,
370 1884 549 1951 praedictum,
558 1884 654 1938 ludaei
665 1884 700 1936 ed
709 1901 739 1936 se
747 1884 886 1938 trahentes
896 1903 925 1940 re

146 1955 301 2013 bellarunt:
327 1975 461 2026 caesoque
484 1960 662 2026 praeposito,
682 1959 802 2026 legatum
826 1961 938 2028 insuper

148 2027 246 2103 Syriae
261 2034 432 2087 consularem
450 2033 590 2103 suppetias
604 2032 734 2086 ferentem
748 2041 833 2100 repta
844 2029 936 2104 abuila

147 2109 319 2178 fugaverunt.
345 2108 399 2174 'Ad
412 2107 484 2163 huno
497 2113 602 2160 motum
612 2107 844 2176 comprimendum
855 2125 935 2177 quum

148 2182 416 2250 exercituampliore
430 2188 457 2234 et
471 2197 527 2236 non
537 2183 677 2234 instrenuo
693 2181 774 2246 duce,
789 2183 834 2234 cui
846 2190 935 2250 tamen

147 2263 208 2308 tuto
223 2263 302 2310 tante
314 2273 358 2308 res
373 2257 601 2328 committerem,
610 2270 679 2322 opus
689 2263 772 2320 esset,
783 2257 843 2323 ipse
852 2259 935 2325 potis·
965 2273 966 2280 ¹

93 2339 95 2344 ’
149 2332 248 2381 simum
267 2331 386 2382 delectus
406 2327 462 2396 est,x
476 2338 504 2383 et
522 2336 553 2388 ut
571 2329 723 2382 industriae
736 2337 872 2398 expertae,
887 2336 943 2382 neo'

104 2421 111 2427 ·
147 2403 306 2454 metuendus
320 2404 380 2468 ulio
393 2404 475 2456 modo
487 2403 713 2456 obbumititatem
728 2405 835 2472 generis
846 2421 878 2456 ac
887 2422 933 2456 no-

147 2475 237 2524 minis.
254 2495 258 2506 ·
275 2474 383 2525 Additis
397 2477 486 2542 igitur
496 2477 531 2527 ad
547 2478 641 2543 copias
652 2477 758 2528 derebus
773 2479 932 2545 Legionibus
965 2473 966 2480 ’

148 2555 211 2596 octo
224 2547 275 2596 elis
281 2584 289 2610 ,
305 2545 466 2599 cohortibus
476 2543 582 2616 decem,
593 2555 674 2616 atque
683 2552 754 2601 inter
764 2551 871 2619 legatos
880 2569 940 2611 nra,

146 2619 283 2670 iorefilio
304 2626 457 2686 assumpto,
478 2627 509 2674 ut
522 2623 638 2689 primum
652 2625 822 2690 provinciam
838 2627 933 2693 attigit,
965 2631 966 2688 j
