1986 2960
216 133 469 184 OCTAVIANUS·
505 133 716 182 CAP.9¹l-99.
811 133 861 185 109

63 225 186 324 denique
199 269 297 324 genere
317 253 466 308 hilaritatis
485 255 628 307 abstinuit.
666 257 793 311 Vicinam
809 259 859 312 Ca·

58 333 139 402 preis
149 332 268 382 inertiam
277 327 475 398 Ἆπρανὸπιλνν
484 330 654 399 appellabat,
669 347 686 381 a
702 333 809 385 desidia
819 351 860 387 se·

60 405 220 457 cedentium
230 405 297 456 illuc
307 420 322 456 e
333 405 466 456 comitatu
476 420 540 456 suo:
552 404 600 456 sed
610 419 643 456 ex
653 405 760 458 dilectis
765 421 858 474 unum,

57 479 228 546 Masgabam
238 479 356 543 nomine,
364 479 443 548 quasi
454 479 623 530 conditorem
632 479 747 545 insulae,
755 479 859 545 κτίστην
937 491 940 498 ’

58 567 166 604 vocare
176 560 363 605 consueverat.
402 552 493 603 Huius
503 553 668 620 Masgabae,
685 560 748 606 aute
759 567 858 606 anuum

60 627 200 690 defuncti,
219 628 355 678 tumulum
371 641 454 695 quum
465 627 610 678 etriclinio
622 627 859 681 animadvertisset
880 637 883 642 '

59 715 166 768 magna
175 703 257 752 turba
270 701 419 770 multisque
433 701 583 752 luminibus
596 699 779 770 frequentari,
799 719 858 754 ver-

60 775 125 826 sdm
136 776 320 843 compositum
331 789 364 826 ex
373 781 497 843 tempore
507 777 581 827 clare
591 777 797 843 pronunciavit:

174 854 292 904 Κιὶστου
302 853 329 904 δὲ
339 850 438 917 τύμβον
448 851 534 922 strepui
545 853 717 923 πυρούμενον.

61 932 273 999 Conuersusque
284 929 320 1005 aq
330 927 516 997 Thrasyllum,
528 929 635 982 Tiberii
645 933 781 996 comitem,
793 948 856 984 cou-

58 1013 106 1058 tra
118 1006 294 1056 accubantem
306 1010 333 1055 et
342 1005 469 1071 ignarum
479 1005 532 1068 rei,
553 1005 746 1072 interrogavit,
767 1007 856 1058 cuius·

59 1095 126 1132 nom
146 1083 246 1148 poetae
264 1084 374 1148 putaret
393 1093 465 1130 esse·
491 1093 545 1147 quo
567 1077 720 1132 haesitante
740 1079 858 1132 subiecit

61 1170 78 1206 a
101 1169 160 1205 sim.

79 1156 100 1220 li
170 1209 706 1294 ὉρᾷςφάεισιΜασγάβοιντιμώμιιοις·

61 1319 95 1354 ac
116 1301 150 1352 de
170 1298 223 1352 hoe
238 1315 347 1370 quoque
358 1299 505 1351 consulunt
545 1299 635 1361 Quum
644 1299 693 1350 ille
702 1293 772 1350 nihil
781 1299 858 1354 ahud

60 1376 254 1444 responderet,
266 1390 361 1442 quam,
378 1375 562 1441 uniuscunque
573 1378 663 1425 esseut
667 1374 806 1444 ,optimos
817 1391 858 1427 es·

60 1469 105 1515 ee,
128 1447 289 1504 cachinnum
304 1447 427 1512 aushrlit,
449 1449 554 1515 atqu'e'
545 1463 575 1500 ιιι
588 1449 667 1501 iocum
682 1445 786 1502 effusus
807 1456 857 1502 est.

60 1526 131 1578 Mox
145 1523 292 1591 Neapolim
306 1523 430 1586 traiecit,
452 1537 608 1592 quanquam
625 1527 652 1574 et
664 1529 722 1574 tum
741 1525 858 1576 iulirmis

59 1600 214 1662 intestinis,
235 1599 332 1649 asorbo
346 1597 484 1648 variante:
508 1602 600 1649 tamen
614 1603 642 1649 et
657 1599 858 1666 quinquennale

9 1719 10 1724 ,
62 1670 201 1727 certamen
211 1673 381 1740 gymnicum,
392 1669 493 1740 honpri
502 1687 552 1726 suo
563 1673 717 1730 institutam
724 1711 732 1737 ,
746 1688 856 1741 perspe-

63 1748 162 1812 ctauit,
183 1753 281 1801 etcum
292 1745 405 1800 Tiberio
417 1746 452 1797 ad
464 1746 628 1798 destinatmn
644 1746 736 1799 locum
747 1753 857 1798 conteu-

64 1823 116 1872 dit.
150 1819 203 1872 Sed
212 1823 241 1872 in
252 1820 400 1883 redeundo,
413 1826 562 1888 aggravata
571 1820 736 1886 valetudine,
747 1820 858 1872 tandem

64 1894 157 1948 Nolae
167 1895 321 1958 succubuit3
341 1901 555 1964 reuocatumque
565 1909 598 1947 ex
607 1895 705 1947 itinere
715 1893 858 1946 Tiberium

66 1969 117 2022 diu
127 1975 229 2022 secreto
242 1984 366 2022 sermone
377 1967 506 2032 dctinuit,
527 1984 614 2036 neque
624 1973 688 2038 post
696 1967 749 2018 ulli
757 1967 859 2019 maiori

65 2043 178 2112 negotio
190 2044 310 2095 animum
321 2043 547 2096 accommodavit.

124 2117 220 2170 xc1x.
247 2113 379 2185 Supremo
406 2117 451 2170 die
470 2115 619 2169 identidem
640 2113 799 2183 exquirens,
824 2129 860 2167 an

66 2194 122 2244 iam
134 2191 166 2244 de
178 2209 206 2244 sc
216 2191 350 2244 tumultus
359 2191 429 2243 loris
441 2197 524 2256 esset,
545 2192 631 2259 petito
648 2189 760 2258 speculo
777 2189 860 2258 capil-

66 2267 123 2318 lum
139 2267 194 2318 sibi
209 2267 282 2320 couri
297 2281 330 2318 ac
344 2266 432 2318 malas
447 2265 570 2316 labentes
591 2265 694 2332 corrigi
712 2265 860 2351 praecepit.

65 2339 108 2392 Et
113 2341 250 2393 admissos
266 2341 370 2393 amicos
384 2345 589 2408 percunctatus,
611 2336 738 2407 ecquid''
715 2353 749 2390 ιιι
762 2338 861 2390 oldae·

67 2413 230 2468 termimum
239 2415 308 2470 sitae
318 2415 448 2467 commode
459 2413 626 2484 transegisse,
638 2413 740 2466 adiecit
750 2418 777 2466 ct
787 2413 862 2465 clau

68 2489 170 2544 mam·
228 2589 261 2600 ο·-
271 2589 302 2599 -
313 2559 345 2611 El
355 2561 382 2614 (ll
392 2561 447 2612 πᾶν
456 2559 507 2622 ἕχει
518 2560 607 2620 καλῶς,
617 2561 653 2627 τῷ
664 2561 786 2626 παιγιὶῳ

102 2635 168 2688 Δότε
180 2635 283 2704 κρότοι,
295 2637 338 2688 καὶ
348 2634 444 2692 πάντες
453 2631 524 2693 ὑμεῖς
533 2634 599 2696 μετὰ
607 2613 692 2705 χοιρᾶς
702 2629 847 2698 urvnrloar‘
