1964 2970
217 79 502 146 xocrnvm'nus.
538 99 613 146 cnr.
631 101 715 146 4-8.
845 98 888 150 51¹

77 222 209 282 iiciatnr3
234 221 282 272 sed
296 226 323 272 et
336 235 402 272 mcx
417 220 587 272 confirmata.
625 221 696 272 Nam
717 235 799 290 quum
814 236 876 290 pos-

76 310 177 348 sessor
186 290 271 348 villae
280 307 377 358 novus,
389 309 438 346 seu
447 293 521 346 forte
531 309 581 346 seu
590 295 715 346 tentandi
726 309 818 360 eausa,
831 313 875 348 cu·
925 315 928 318 ·

75 371 171 421 bitum
180 383 210 419 se
220 384 253 420 ec
265 367 437 433 contulisset,
453 369 554 432 evenit,
565 374 608 432 nt,
620 375 685 435 post
693 371 875 436 paucissimas

74 443 173 496 noctis
192 439 276 494 horas
296 443 456 494 exturbatus
475 441 540 492 lude
560 443 652 495 subita
671 443 700 494 vi
718 449 745 494 et
758 443 872 508 incerta,

73 532 168 586 paene
182 516 349 567 semianimis
365 531 426 567 cnm
441 521 528 568 strato
545 516 627 568 sinim
641 514 789 570 anteferes
799 519 872 570 inve·

73 593 194 644 nitetur.

3 667 4 672 ’
132 663 196 716 Vll.
216 661 318 714 Infanti
333 676 484 731 cognomen
498 663 622 716 Thurino
637 665 755 716 inditum
770 672 823 730 est,
843 668 872 717 in

72 737 392 790 memoriam-maiorum
407 739 535 806 originis,
556 738 601 790 vel
615 739 689 805 qrrcd
708 741 738 790 in
757 741 872 806 regione

67 811 212 882 Thurina,
222 826 317 862 recens
327 826 360 864 eo
370 817 448 875 nato,
458 819 536 879 pater
547 812 677 865 Octavius
688 813 818 866 adversus
828 811 870 866 fu·

72 888 179 954 gitium
189 891 320 954 prospere
330 901 386 938 rem
396 893 527 952 gesserat.
566 885 718 939 Thurinum
729 885 869 954 cognomi·

72 967 180 1024 natum,
187 960 256 1011 satis
267 966 341 1012 certa
350 961 514 1027 probatione
523 961 794 1026 tradiderim,nactus
804 977 869 1029 pue·

3 1059 4 1072 r
71 1035 155 1088 rilem
164 1031 367 1101 intagtmculam
378 1035 437 1086 eius
452 1049 560 1086 aeream
574 1040 704 1099 veterem,
725 1035 821 1086 ferreis
836 1050 870 1086 ac

71 1125 163 1178 paene
176 1109 233 1159 iam
247 1108 465 1160 exolescentibus
479 1109 567 1160 literis
582 1107 635 1160 hcc
648 1109 759 1160 nomine
772 1109 869 1159 inscri-

73 1191 164 1252 ptamr
185 1196 268 1250 quae,
284 1182 358 1234 douc
370 1198 387 1232 a
396 1198 439 1234 me
450 1183 569 1249 principi
579 1182 656 1245 data,
677 1183 749 1232 inter
759 1182 868 1234 cubicu-

73 1259 148 1309 lares
164 1257 274 1308 colitur.
314 1255 368 1308 Sed
382 1262 410 1309 et
424 1272 441 1306 a
450 1256 489 1306 M.
499 1256 620 1308 Antonio
634 1257 663 1306 in
672 1255 807 1323 Epistolis
820 1269 869 1322 per

74 1331 270 1383 contumeliam
284 1345 366 1398 saepe
376 1329 516 1381 Thurinum
532 1329 697 1396 appellatur:
718 1336 745 1382 et
759 1331 817 1396 ipse
828 1331 868 1380 ni·

73 1403 114 1458 hil
124 1405 253 1472 amplius,
265 1419 346 1472 quam
357 1403 454 1456 mirari
463 1419 493 1456 se
503 1404 642 1467 rescribit,
654 1419 704 1471 pro
716 1405 867 1472 opprobrio

72 1480 152 1548 prius
163 1479 217 1530 sibi
226 1494 326 1530 nomen
341 1479 435 1530 obiici.
474 1476 577 1530 Postea
588 1479 713 1530 Caesaris
728 1485 756 1530 et
770 1479 868 1530 deiude

73 1553 191 1620 Augusti
211 1567 363 1620 cognomen
383 1553 543 1620 assumpsit,
570 1552 684 1604 alterum
704 1558 866 1604 testamento

73 1628 190 1680 maioris
201 1627 342 1691 avunculi,
363 1627 479 1679 alterum
488 1627 608 1678 Munatii
617 1625 713 1678 Planci
723 1625 866 1688 sententia,

75 1717 173 1770 quum,
189 1700 353 1769 quibusdam
365 1701 549 1766 censentibus,
569 1701 714 1753 Romulum
732 1700 867 1769 appellari

75 1781 217 1844 oportere,
232 1776 313 1842 quasi
322 1781 349 1826 et
357 1776 448 1842 ipsum
459 1775 628 1827 conditorem
639 1775 734 1838 Urbis,
754 1789 866 1840 praeva-

74 1851 186 1913 luisset,
206 1857 238 1900 ut
250 1849 388 1916 Augustus
404 1849 495 1914 potius
508 1855 666 1913 vocaretur,
685 1864 742 1899 non
760 1853 868 1898 tantum

75 1939 149 1977 novo
169 1923 321 1976 sedetiam
341 1923 475 1989 ampliore
495 1924 670 1990 cognominet
695 1920 784 1988 [quod
804 1920 867 1971 loca

75 2013 186 2067 quoque
196 1997 340 2066 religiosa,
360 1997 426 2048 etin
441 1998 538 2064 quibus
550 2003 684 2062 augurato
696 1995 762 2061 quid
774 2009 867 2046 conse·

77 2081 182 2138 oratur,
195 2077 312 2139 augusta
322 2071 456 2134 dicantur,
468 2072 502 2122 ab
514 2079 610 2133 auctu,
621 2070 665 2120 vel
676 2069 710 2120 ab
722 2069 812 2122 avinm
822 2083 867 2135 ge-

76 2156 121 2199 stu
129 2152 256 2215 gnstuve,
267 2146 340 2196 sicut
348 2146 431 2198 maur
442 2144 547 2196 Ennium
557 2145 647 2214 (locet,
658 2143 793 2194 scribensz

75 2221 199 2291 Augusto
210 2219 325 2288 augurio
331 2227 472 2285 postquam
482 2218 581 2292 inemtas
592 2216 698 2269 condita
707 2215 793 2268 nonna
804 2217 866 2286 esa]

130 2293 206 2348 Vlll.
232 2293 399 2355 Quadrimus
417 2299 522 2359 patrem
542 2291 646 2344 annisitt
677 2291 869 2344 duodecimum

76 2385 177 2421 annum
188 2383 272 2436 agens
278 2405 286 2432 ,
297 2369 388 2418 aviam
397 2366 495 2420 lulium
506 2365 660 2418 defunctam
671 2382 721 2434 pro
735 2367 867 2418 concione

75 2444 209 2496 laudavit.
250 2441 438 2504 Quadriennio
448 2447 520 2508 post,
530 2440 606 2492 virili
614 2446 682 2508 toga
691 2447 807 2508 sumpta,
818 2439 867 2490 mi·
928 2435 932 2440 '
977 2489 978 2532 ;

73 2518 203 2570 litaribus
219 2515 300 2566 donis
314 2513 452 2582 triumpho
464 2515 590 2566 Caesaris
604 2513 733 2566 Africano
750 2515 868 2566 donatus

76 2601 134 2658 est,
148 2587 309 2674 quanquam
323 2605 421 2657 expers
436 2584 502 2640 belli
511 2595 624 2658 propter
635 2595 761 2641 aetatem.
800 2586 866 2638 Pro-

621 2679 670 2725 Du
