1986 2960
263 72 463 121 eumenum
499 73 708 143 millii—29.
740 32 744 41 ἱ
829 77 908 138 175,

75 196 196 250 catenis
205 195 385 260 verberatum,
396 196 537 264 ponpeius
548 195 657 260 oceidit,
667 211 747 263 qssam
760 197 880 251 offensus

74 267 238 340 putrefacti
248 269 352 320 cerebri
363 269 457 324 odore.
483 267 635 343 ,atellanae
646 274 764 336 poetam,
777 273 812 323 ob
824 289 879 324 ans-

74 343 166 412 bigui
175 343 233 394 ioci
241 343 414 408 versiculum,
424 344 515 394 media
526 341 719 409 amphitheatri
729 359 812 396 arena
822 347 881 414 igni

76 416 229 470 m'emavit.
261 415 388 484 Equitem
398 410 551 468 Romdnum
563 417 698 467 obiectum
710 417 785 482 feris,
796 435 879 486 quum
903 453 907 462 „

75 507 109 544 se
120 492 297 560 innocentem
308 490 513 557 proclamasset,
524 490 642 555 reduxit,
654 491 816 561 abscisaque
827 491 877 545 lin·

76 579 138 634 gua
148 572 244 615 rursus
253 563 370 615 induxit.

139 635 268 690 XXVIII.
287 637 454 689 Revocatum
475 637 610 706 quendam
630 653 647 690 a
666 644 756 690 vetere
776 641 875 692 exsilio

78 711 255 776 sciscitatus,
276 711 456 778 puidnsmibi
469 711 560 763 iacere
574 719 743 778 consuesset,
763 728 875 781 respon-

80 787 167 838 dente
178 800 211 836 eo
221 799 270 853 per
280 784 475 850 adulationem,
487 785 546 837 deos
556 801 654 852 semper
665 785 745 850 oravi,
756 796 795 850 ut,
807 789 878 854 quod

80 857 179 921 evenit,
186 857 290 925 periret
302 856 429 921 liberius,
441 867 468 910 et
478 867 506 910 tu
515 857 674 926 irnperarm
694 862 809 928 opinans
821 861 876 913 sibi

81 947 196 1004 quoque
207 931 314 984 exsules
324 929 390 985 suos
400 934 678 1003 mortempimprecari,
690 935 765 986 misit
775 936 878 986 curum

80 1007 205 1070 insulas,
226 1007 274 1074 qni
282 1007 424 1058 universos
437 1002 614 1058 trucidarent.
654 1007 743 1068 Quum
758 1008 878 1076 discerpi

83 1081 241 1133 senatorem
251 1080 431 1147 concupisset,
443 1081 611 1144 subornavit,
623 1081 671 1149 qui
680 1081 877 1148 ingredientem

84 1153 207 1218 utriam,
219 1160 328 1222 repente
338 1153 444 1206 hostem
454 1153 592 1220 publicum
604 1155 785 1220 appellantes,
800 1157 876 1207 inva-

83 1228 192 1291 derent,
213 1225 390 1296 graphiisqne
411 1225 569 1278 confossum
587 1227 762 1279 lacerandum
778 1230 875 1282 ceteris

83 1301 232 1354 traderent.
271 1300 329 1354 Nec
339 1307 401 1352 ante
411 1300 528 1352 satiatus
542 1307 595 1365 est,
617 1315 698 1368 qnam
712 1303 834 1357 membra
848 1311 876 1355 et

86 1382 162 1427 artus
173 1381 200 1427 et
208 1375 315 1427 viscera
324 1373 444 1427 hominis
457 1379 547 1426 tracta
561 1389 610 1442 per
623 1374 701 1426 vieos
716 1381 798 1444 atque
813 1383 876 1430 ante
938 1415 953 1422 ..

84 1465 114 1502 se
126 1455 255 1516 congesta
263 1449 385 1502 vidisset.

141 1521 241 1574 XXIX.
265 1521 465 1575 immanissima
488 1521 563 1574 lacta
587 1523 705 1590 augebat
729 1526 874 1577 atrocitate

87 1597 240 1649 ruborum.
278 1595 452 1667 Nililmugs's
465 1596 494 1649 in
507 1606 605 1648 nutura
618 1613 666 1649 sna
680 1599 788 1650 laudm
801 1615 828 1650 ee
843 1615 875 1652 ce
950 1627 951 1630 ι

82 1670 195 1740 probare
206 1671 322 1735 dicebat,
334 1687 411 1738 quam
422 1675 466 1736 (ut
474 1672 654 1752 ipsiusperbo
665 1676 739 1737 utar)
751 1667 873 1738 ἀδιαιρε-

87 1743 158 1802 ψίαι.
193 1743 319 1796 Monenti
328 1746 462 1798 Antoniae
473 1746 565 1810 aviae,
584 1751 714 1814 tanquam
725 1761 822 1814 parum
833 1761 873 1797 es·

87 1823 129 1872 set
138 1833 192 1870 uon
203 1819 327 1884 obedire,
344 1817 488 1882 Memento,
504 1819 555 1884 ait,
577 1819 664 1870 ameria
674 1819 741 1870 milei
749 1820 777 1870 ia
787 1835 874 1871 onsnes

87 1892 170 1945 licere.
208 1893 407 1945 Trucidaturus
425 1893 551 1956 fratrem,
572 1908 650 1962 quem
669 1899 744 1944 metu
756 1908 872 1946 veneno·

86 1967 322 2033 rnm'praemuniri
330 1967 535 2019 medicamentis
546 1966 749 2033 suspicabatur,
761 1965 871 2018 Antido-

87 2049 148 2103 tum,
158 2040 254 2108 inquit,
266 2041 387 2092 adsersus
398 2040 553 2092 Caesarem?
570 2039 709 2107 Belegatis
719 2041 871 2104 sororibus,

86 2115 225 2167 anatolem
234 2113 332 2166 insulse
342 2113 437 2166 isdem
446 2130 485 2177 se,
506 2114 640 2166 sedetiam
648 2113 764 2182 gladios,
785 2113 871 2164 mina-

83 2188 172 2239 batur.
213 2186 385 2240 Praetorium
407 2188 496 2240 visum
523 2202 557 2240 ex
584 2203 692 2240 secessu
714 2187 870 2254 Anticyrae,

87 2275 165 2330 quem
174 2258 339 2314 valetudinis
349 2275 433 2314 causa
442 2259 723 2329 petierst‚propagari
733 2261 787 2312 sibi
797 2275 870 2312 com-

86 2341 200 2388 meatum
210 2336 320 2406 saepius
330 2335 542 2399 desiderantem,
562 2350 645 2403 quum
658 2335 816 2386 mandasset
829 2335 869 2386 in·

85 2409 181 2473 terim,
193 2409 307 2474 adiecit,
321 2409 494 2461 neeessariam
504 2424 557 2460 etse
567 2404 704 2477 sanguinis
713 2408 868 2470 missorem,

87 2483 129 2536 eui
136 2491 189 2537 tem
198 2482 244 2534 diu
253 2499 306 2536 noa
310 2483 447 2551 prodesset
455 2481 599 2535 elleborum.
634 2481 748 2533 Decimo
760 2497 870 2550 quoque
955 2527 960 2540 ,

88 2557 286 2624 discunentis
296 2556 496 2628 pimiendornm
506 2569 540 2610 ex
550 2555 676 2608 custodia
686 2555 868 2620 subscribens,

722 2763 740 2798 ρ
