1992 2962
284 125 438 172 nuno.
474 126 549 172 cuo
570 127 639 172 ιι
646 128 685 171 ιο.
760 113 762 118 ’
856 81 906 180 ase

109 249 321 315 liu1n1,etsibi
335 207 451 300 adversa
465 253 493 300 et
507 239 613 300 Galbae
627 263 761 316 prospera
781 239 905 304 ominan-

8 333 12 340 '
107 329 192 388 tium,
213 325 297 376 etiam
307 335 341 374 ex
351 325 441 374 obviis
450 324 604 374 viatoribus
616 323 751 390 quendam
762 325 905 390 dicentem,

109 399 150 453 Hi
164 397 294 462 Neronem
304 405 515 465 persequentum·
535 397 620 448 alium
634 394 830 462 sciscitantem,
850 399 905 452 Eo·

110 473 211 542 quietio
224 471 293 524 Urbe
303 471 364 522 uoci
372 473 403 522 de
414 470 534 523 Nerone?
565 471 645 538 Equo
658 476 749 522 autem
761 473 846 542 odore
857 475 904 524 ab·

107 549 175 602 iecti
184 549 213 598 in
223 548 271 597 via
281 546 423 598 cadaveris
434 551 618 610 consternato,
628 546 736 598 detecta
744 544 817 596 facie
828 549 904 613 agni-

108 631 154 674 tus
165 629 206 673 est
217 637 233 672 n
244 615 363 689 quddam
373 613 496 671 missicio
507 613 700 688 pr'aetoriano,
720 625 750 672 et
758 620 903 672 salutatus.

108 769 239 822 fruticeta
250 783 298 820 ac·
308 783 419 835 uepres,
438 783 487 834 per
502 769 658 820 arundineti
672 763 797 820 sonutam
813 749 917 837 aegre,

108 859 160 896 nec
169 843 225 893 nisi
234 848 322 894 strata
332 842 383 894 sub
393 843 509 909 pedibus
523 848 611 908 veste,
633 842 668 893 ad
683 857 807 894 aversum
820 845 905 895 villae
990 845 991 850 ’

108 918 243 1004 parietem
263 917 361 996 evasit:
399 917 441 968 lbi
460 915 588 968 hortante
608 917 704 970 eodem
717 915 855 982 Phaonte,
875 924 907 970 nt

107 993 237 1044 interim'
229 1007 256 1042 ιιι
269 1006 379 1058 specum
390 996 499 1058 egestae
514 1005 614 1043 arenae
630 991 804 1055 concederet,
823 1007 906 1058 nega-

107 1065 161 1130 vit,
181 1082 208 1117 ee
221 1064 307 1117 oioum
315 1065 371 1117 tub
382 1073 482 1116 terrom
496 1059 611 1120 e'turbm:
631 1077 670 1116 ac
677 1075 830 1132 parumper
834 1081 905 1116 eom·

108 1146 246 1204 moratus,
263 1141 326 1204 dum
338 1135 570 1191 clandestinnsad
579 1139 815 1190 uillamintrcitns
826 1153 906 1206 para·

77 1239 81 1246 ·
108 1221 197 1279 retur,
219 1229 320 1282 aquam
339 1227 373 1266 ex
394 1214 519 1265 subiecta
538 1213 639 1266 lacuna
658 1217 804 1281 potaturus
822 1229 907 1266 mauu

108 1289 214 1354 hausit,
225 1295 265 1354 et,
280 1287 356 1341 Haec
367 1297 419 1350 eet,
430 1288 534 1357 inquit,
545 1286 657 1338 Neronis
668 1287 783 1340 decocto.
822 1287 904 1352 Dein,

109 1363 218 1415 divuisa
231 1365 361 1419 sentibus·
373 1363 505 1430 paenula‚
524 1362 657 1413 traiectos
677 1361 803 1415 surcido·
821 1363 904 1418 rasit:

82 1496 86 1504 ¹
108 1435 192 1507 atque
200 1440 241 1490 ita
256 1439 412 1506 quadrupes
425 1453 476 1505 per
489 1437 631 1504 angustias
642 1433 760 1488 effossae
771 1452 905 1488 cavernae

108 1519 236 1580 receptus
244 1513 273 1563 iu
284 1514 438 1579 proximam
450 1512 556 1575 cellam,
563 1509 692 1562 decubuit
701 1511 904 1577 superlectum,

46 1603 57 1616 ·
108 1589 220 1640 modica
230 1587 340 1651 culcita,
351 1592 442 1638 vetere
452 1587 539 1655 pallio
551 1587 639 1638 stratd
649 1586 821 1636 instructum.
850 1585 904 1636 Fa·
990 1631 991 1640 ι

107 1677 205 1729 meque
224 1663 334 1714 interim
354 1668 382 1712 et
395 1662 443 1713 siti
455 1661 662 1729 interpellante,
681 1673 777 1726 panem
794 1659 905 1727 quidem

107 1737 258 1788 sordrdum
263 1737 386 1788 oblatum
397 1740 630 1828 aspernamenta,
635 1749 723 1804 aquae
734 1740 824 1788 nutem
834 1734 903 1802 tepi·
990 1767 991 1772 =

109 1811 434 1878 daealiquantumbibit.
500 1832 514 1864 ο
621 1847 627 1858 ·
990 1863 991 1876 ,

162 1885 265 1937 XLIX.
284 1887 370 1938 Tune·
377 1902 544 1956 unoquoque
559 1883 623 1937 hinc
639 1862 704 1936 inde
718 1850 851 1948 instante,
872 1889 904 1940 ut
990 1881 991 1922 ἶ

108 1973 191 2029 quam
201 1961 319 2028 primum
328 1975 357 2011 so
367 1961 587 2029 impendentibus
598 1959 902 2027 contumeliiseriperet‚
990 1975 991 1992 ι

107 2035 232 2086 scrobem
244 2049 337 2086 coram
348 2035 409 2086 heri
418 2036 574 2103 imperavit,
581 2035 719 2087 dimensus
730 2033 767 2084 ad
777 2035 903 2100 corporis

78 2109 80 2116 '
107 2109 152 2158 sui
161 2109 316 2159 moduium:
336 2111 518 2178 componique
529 2111 624 2172 simul,
636 2111 669 2170 ,si
685 2108 902 2177 quainveniren·

9 2217 11 2222 .
106 2185 163 2244 tur,
183 2180 272 2233 inuata
282 2184 440 2246 marmoris,
460 2190 490 2234 et
503 2199 603 2252 nquam
616 2183 699 2236 simul
709 2198 742 2234 ac
752 2181 827 2249 ligna
839 2197 903 2234 con·

106 2253 185 2316 ferri,
198 2255 326 2306 onerando
331 2269 395 2307 mox
407 2256 547 2320 cadaveri,
562 2257 630 2308 flens
641 2258 676 2308 ad
687 2257 808 2323 singula,
820 2263 903 2326 utque

97 2327 259 2378 .identidem
278 2329 420 2380 dictitans:
453 2329 545 2393 Qualis
570 2330 671 2400 artifex
691 2329 787 2397 pereo!
829 2330 904 2382 luter

107 2397 204 2454 moras'
209 2402 334 2469 perlatos
349 2418 366 2453 a
377 2417 488 2454 cursore
499 2401 632 2454 Phanotis
643 2405 788 2456 codicillos
799 2403 903 2472 praeci}

4 2463 5 2466 ¹
105 2478 175 2548 puit,
185 2477 316 2545 tegitque,
326 2475 464 2529 oebostom
474 2493 490 2528 a
501 2484 593 2528 senato
603 2476 902 2544 iudicabametqooeri,
988 2541 989 2546 Ἰ

104 2561 138 2608 ot
146 2552 277 2620 pateinter
296 2565 368 2618 more
386 2551 530 2603 iuniorem:
553 2551 800 2617 interrogavitque,
822 2553 903 2619 quale
988 2607 989 2612 ,

105 2627 438 2698 essetidgenuspoenae.
476 2627 514 2678 Et
527 2639 611 2696 quum
625 2625 901 2704 comperisset‚.nudi
988 2681 989 2686 ἵ

649 2715 696 2763 M
