1992 2962
143 199 145 206 p
250 111 458 217 cnutonis,
491 145 701 195 cerm-m.
817 141 867 196 iti

78 274 206 322 ornatum
221 269 304 319 etiam
317 273 381 320 ante
395 265 596 335 expeditionem
611 265 720 320 assidue
737 269 866 335 gestavit3

75 342 213 394 interdum
225 347 252 393 et
260 340 357 409 Magni
366 341 514 394 Alexandri
522 339 675 402 thoracem,
696 343 866 410 repetitume
895 337 921 403 s

76 415 234 469 conditorio
246 417 313 467 eius.

131 488 203 552 Llll,
223 489 266 539 Ex
280 487 432 554 disciplinis
446 487 606 540 liberalibus
620 487 760 538 minimum
774 487 863 539 erudi·

73 563 159 625 tioni,
179 559 351 630 eloquentiae
370 562 516 628 plurimum
535 561 670 625 ostendit,
690 563 863 629 quantumvis

73 633 209 688 iucundus
220 643 247 686 et
256 642 409 702 promptus,
429 637 524 703 utique
538 636 564 686 sl
577 633 759 702 perorandum
772 635 801 686 in
813 635 861 686 ali·
912 655 915 664 ¹

21 737 27 748 ·
74 725 156 778 quem
169 715 248 760 esset.
287 709 360 760 irato
375 716 403 760 et
420 710 504 761 rerba
523 714 551 760 et
569 709 718 761 oenmntiae
737 714 861 776 suppete-

72 783 153 844 bant3
173 783 364 850 pronunciatio
380 797 489 852 quoque
501 789 530 835 et
541 795 609 846 vox,
628 788 660 833 ut
668 797 755 850 neque
765 782 861 834 eodem

72 855 130 907 loci
139 870 205 922 prae
215 856 314 908 ardore
324 857 497 922 consisteret,
511 863 540 908 et
552 856 728 907 exaudiretur
738 870 755 906 a
764 856 861 920 procul

73 930 218 980 stantibus.
256 929 450 994 Peroraturus,
470 929 628 982 stricturum·
637 945 664 980 te
673 928 860 980 lucubrationi·

72 1005 231 1066 sanctolum,
242 1003 410 1064 minutatum
425 1003 513 1055 leniam
524 1004 712 1072 comptiusque
721 1001 861 1054 scribendi

73 1089 158 1144 genus
172 1077 241 1128 odeo
257 1081 442 1141 contemnens,
461 1083 493 1128 ut
506 1076 648 1141 Senecam,
668 1082 726 1127 tum
739 1077 862 1128 maxime·

9 1159 10 1184 l
71 1151 236 1218 placentem,
249 1149 437 1202 commissiones
447 1165 532 1204 meras
542 1164 704 1218 componere
714 1153 742 1201 et
751 1164 859 1203 armam

73 1237 127 1275 erre
137 1222 392 1275 moeeakedlceret.
431 1223 544 1276 Solebat
552 1225 636 1276 mam
646 1223 785 1290 prosperis
796 1237 857 1274 ora·
941 1281 944 1284 ,

72 1305 164 1348 torum
175 1296 329 1348 actionibus
338 1297 500 1360 rescribere,
515 1303 542 1350 et
551 1311 712 1364 magnorum
722 1296 751 1346 in
761 1303 859 1349 senatu
935 1343 938 1349 ,

71 1385 181 1435 reorum
202 1371 390 1422 accusationes
410 1369 635 1437 defensionesque
654 1369 796 1433 meditari3
815 1385 857 1434 ac,

72 1449 155 1512 prout
164 1444 242 1495 stilus
254 1444 428 1508 cesseratrel
438 1457 551 1496 onerare
562 1443 696 1497 sententia
705 1458 756 1495 sua
767 1459 858 1511 quem·

28 1551 30 1556 -
72 1531 137 1585 que,
156 1517 201 1569 rel
214 1517 368 1582 sublevare,
388 1519 508 1586 equestri
521 1531 629 1586 quoque
643 1517 739 1570 ordine
754 1519 790 1569 ad
810 1531 857 1568 au·

7 1599 9 1646 ;
72 1590 199 1654 dieudum
209 1592 325 1644 mvitato
335 1607 385 1658 per
394 1592 492 1643 edicta

126 1651 198 1716 lhlv
219 1664 272 1717 Sed
287 1671 314 1716 et
328 1665 445 1717 oliorum
460 1679 587 1736 generum
601 1671 674 1716 artes
688 1665 856 1718 studiosissi-

71 1726 362 1792 meetdirersrssimas
372 1742 501 1791 exercunt
520 1737 615 1790 Thrax
625 1746 653 1792 et
662 1740 772 1806 arrmga
783 1740 855 1790 idem

71 1795 168 1864 cantor
182 1818 262 1879 atque
276 1813 404 1876 saltator3
428 1813 559 1864 battuebat
571 1813 744 1880 pugnatoriis
763 1813 856 1876 arulis,

71 1887 217 1952 aurigabat
230 1892 368 1940 exstructo
387 1885 559 1952 plurifariam
574 1887 668 1947 circo;
688 1885 803 1938 canendi
823 1900 856 1936 ac

70 1959 191 2011 saltandi
199 1960 342 2026 voluptate
349 1962 390 2011 ita
399 1959 575 2023 efferebatm
585 1965 617 2010 ut
625 1974 659 2010 na
669 1959 787 2026 pubhms
797 1973 855 2026 qun

70 2032 132 2086 dem
141 2033 304 2102 spectaculis
313 2039 487 2100 temperaret,
508 2047 563 2101 quo
577 2033 666 2083 nunus
680 2037 708 2084 et
720 2031 854 2098 tragoedo

69 2108 264 2175 pronuntianti
274 2109 441 2170 commueret,
462 2114 490 2159 et
502 2112 606 2174 gestum
621 2104 762 2157 histrionis
777 2107 857 2171 qnasi

68 2181 186 2233 laudans
200 2181 244 2232 val
258 2173 398 2248 corrigens
411 2181 503 2248 palam
516 2181 668 2248 effingeret:
687 2193 738 2230 nec
752 2178 808 2228 alia
822 2179 855 2230 de

69 2254 345 2307 causavidcretureo
356 2255 413 2317 die,
429 2269 484 2321 quo
495 2255 588 2320 perilt,
603 2252 775 2320 pervigilium
785 2252 856 2304 indi·

67 2329 155 2392 xisse,
177 2343 258 2396 quam
267 2333 299 2378 ut
307 2327 415 2378 initium
425 2329 454 2378 in
465 2342 573 2379 scenam
583 2325 736 2395 prodeundi
745 2327 856 2378 licentia

64 2401 199 2468 temporis
210 2403 405 2467 auspicaretur.
425 2399 551 2452 Saltabat
561 2406 651 2452 autem
661 2414 854 2467 nonnunquam

65 2476 150 2527 etiam
164 2481 260 2527 noctu:
284 2481 312 2528 et
330 2473 467 2542 quondam
484 2479 540 2526 tres
560 2474 716 2526 consulares
736 2473 856 2526 secunda

61 2548 163 2616 vigilia
172 2549 202 2600 in
211 2548 348 2600 Palatium
359 2548 475 2609 accitos,
486 2545 625 2615 multaque
635 2555 663 2600 et
672 2554 791 2600 extrema
801 2562 855 2599 me·
872 2567 876 2571 ·

63 2631 185 2686 mentes,
206 2625 288 2691 super
297 2623 432 2691 pulpitum
444 2621 603 2686 collocavlt3
624 2622 720 2675 deiude
734 2626 853 2688 repente,
