1986 2960
146 94 180 149 98
420 100 447 148 G.
468 99 657 148 soliacum

144 221 201 272 lam
221 219 310 288 primo
329 217 677 290 folliculumquesrausiitt
697 235 762 274 mox
776 219 847 276 nibil
860 223 936 280 aliud

146 309 228 364 quam
237 293 397 346 vectabatur
407 301 435 347 et
444 295 650 359 deambulabat,
669 294 710 346 ita
724 302 756 348 ut
768 297 798 348 in
808 302 936 352 extremis

145 368 243 436 spatiis
263 367 408 420 subsultim
428 369 596 434 decurreret,
616 370 729 436 segestri
750 370 795 422 vel
813 371 936 426 lodicula

144 441 294 494 involutus.
313 442 423 494 “baimi
436 437 550 494 laxaridi
570 458 655 494 causa
672 443 756 496 modo
776 441 935 512 piscabatm

144 514 239 580 hamo,
259 515 342 568 modo
356 516 422 568 talis
437 522 485 568 aut
499 515 625 568 ocellatis
639 517 809 587 nucibusque
823 519 936 576 ludebat

135 589 934 735 ‚illl-⁹3filliutlt'iitiriiiiiiii:

142 737 213 790 Nam
223 737 343 805 pumilos
358 743 440 806 atque
454 736 587 790 distortos
601 745 628 790 et
642 753 736 790 omnes
745 743 853 808 generis
863 741 933 795 eius-

143 811 251 876 demut
259 811 380 863 ludibria
389 817 505 864 naturae
514 805 933 882 maliquecmiais‘,adho'rrebat.

195 923 349 978 LXXXIV.
366 911 566 998 ,Eloquentiam
584 926 738 996 'surdlaque
756 929 883 981 liberalia
898 934 932 983 ab

141 1005 231 1053 aetate
241 999 331 1067 prima
341 1001 438 1069 cupide
448 1007 476 1054 et
484 1001 703 1055 laboriosissime
714 1004 843 1056 excressit.
871 1003 931 1056 Mu-

141 1075 242 1128 tinensi
251 1073 339 1138 bello,
353 1075 383 1126 in
392 1081 471 1127 tanta
481 1076 553 1128 mole
563 1091 670 1142 rerum,
681 1082 709 1129 et
718 1077 817 1144 legisse
827 1083 855 1130 et
865 1081 931 1142 scri-

139 1150 228 1220 psisse
243 1155 271 1202 et
284 1148 453 1202 declamasse
468 1150 592 1218 quotidie
605 1149 733 1203 traditur.
770 1150 841 1204 Nam
857 1152 931 1204 dein·

140 1239 204 1292 ceps
223 1239 311 1295 neque
329 1224 359 1276 in
379 1229 476 1276 senatu
495 1240 582 1292 neque
602 1225 675 1292 apud
694 1225 826 1293 populum
845 1241 933 1294 neque

140 1298 214 1367 apud
233 1299 334 1350 milites
354 1298 462 1351 locutus
481 1305 523 1350 est
537 1313 670 1364 unquam,
690 1299 745 1349 nisi
757 1299 889 1351 meditato
905 1309 934 1355 et

142 1373 296 1440 composita
308 1373 442 1437 oratione,
455 1373 579 1442 quamvis
589 1387 645 1424 nou
656 1372 783 1424 deiiceret
793 1373 827 1423 ad
839 1375 932 1427 subita

139 1445 321 1513 extemporali
334 1444 475 1498 facultate.
513 1446 553 1498 llc
567 1461 602 1497 ne
616 1446 767 1515 periculum
782 1449 933 1502 memoriae

140 1518 230 1571 adiret
240 1520 326 1570 autin
341 1519 488 1572 ediscendo
501 1525 609 1587 tempus
624 1521 790 1584 absumeret,
810 1521 933 1574 instituit

138 1593 255 1646 recitare
266 1593 368 1645 omnia.
408 1593 552 1645 Sermones
562 1609 672 1662 quoque
683 1609 743 1645 cum
754 1594 878 1662 siugulis,
890 1604 932 1647 at·
976 1597 977 1620 ³

139 1683 192 1736 que
203 1667 285 1718 etiam
296 1682 358 1718 cum
368 1665 450 1718 Livia
460 1671 511 1718 rua
518 1668 662 1736 graviores
669 1675 683 1732 ‚¹
691 1669 803 1720 nonnisi
812 1670 932 1736 scriptos

138 1749 166 1794 et
176 1733 191 1794 c
201 1739 296 1794 libello
310 1740 442 1806 babebat,
462 1756 497 1793 ue
511 1742 573 1811 plus
587 1742 711 1794 minusve
725 1741 883 1810 loqueretur
896 1758 932 1794 ex

136 1823 270 1886 tempore.
307 1813 514 1868 Pronunciabat
533 1815 607 1868 dulci
626 1822 654 1868 et
675 1817 789 1884 proprio
810 1815 932 1883 quodam

140 1891 198 1943 oric
208 1905 292 1955 sono,
313 1889 450 1959 dabatque
465 1889 575 1943 assidue
584 1889 724 1957 phonasco
737 1905 862 1957 operam3
882 1891 934 1942 sed

138 1979 348 2036 nonnunquam,
357 1965 502 2018 infirmatis
511 1963 651 2030 saucibus,
662 1965 806 2036 praeconis
816 1979 885 2017 roco
895 1965 934 2016 ad

137 2039 520 2114 populumcoucionatruest.
588 2087 591 2094 ,

100 2199 105 2208 ,
192 2146 333 2203 LXXXV.
361 2148 457 2214 Multa¹
470 2147 543 2200 rarii
564 2147 672 2214 generis
695 2161 780 2216 prosa
803 2146 936 2202 oratione

138 2224 302 2290 composuit,
314 2233 348 2276 ex
358 2223 460 2292 quibus
466 2221 600 2274 nonnulla
609 2222 638 2273 in
649 2229 731 2274 coetu
740 2221 935 2288 familiarium,

71 2295 77 2299 ’
136 2293 937 2363 velutiaauditorio,recitavit,sioutltercriptoeBrutode

139 2367 253 2422 Catone.-
271 2385 342 2438 quac
354 2371 496 2424 volumina
511 2384 594 2437 quum
607 2370 664 2422 iam
679 2371 772 2422 senior
785 2385 819 2422 ex
829 2383 938 2438 magua

137 2449 214 2512 parte
225 2443 352 2511 legisset,
361 2443 494 2512 fatigatus
504 2444 621 2499 'l'lberio
628 2444 746 2496 tradidit
755 2444 936 2510 perlegenda.

136 2517 204 2578 Item
218 2515 391 2570 Hortdtt'onrt
404 2519 442 2581 od
448 2517 654 2587 panormitana,
674 2525 702 2570 et
719 2517 815 2586 aliqua
829 2518 862 2570 de
875 2517 938 2571 vita

136 2607 197 2655 tua,
218 2607 300 2662 quam
318 2593 450 2646 tredecim
469 2593 550 2646 libris
564 2593 729 2646 Cantabrico
744 2596 824 2644 aaut
844 2591 938 2660 bello,
