1964 2970
15 2605 26 2628 ,-

16 2663 18 2692 l

18 2795 22 2925 ,

145 81 279 128 ruerus
308 79 466 126 classa.
502 77 579 124 cae.
598 81 715 126 as-ts.
771 50 830 130 Ὶ15

40 213 120 252 sonae
133 209 265 271 perpetuo
280 202 439 271 gestandae.
477 199 569 250 Etiam
584 200 659 252 cultu
677 201 828 254 notabilem
888 208 891 218 ¹

40 273 139 326 ferunt:
157 291 236 328 nsum
252 279 325 330 enim
340 277 398 328 lato
415 276 492 327 clavo
509 273 544 324 ad
558 289 655 324 manus
673 275 827 340 fimbriat03

40 361 87 398 nec
95 354 126 400 ut
135 364 253 417 unquam
265 352 347 402 aliter
358 365 439 417 qnam
455 363 538 416 super
551 363 613 399 eum
627 348 787 414 cingeretur,
800 355 827 401 et

40 421 144 486 quidem
163 422 280 474 fluxiore
301 424 432 476 cinctura.
471 421 548 473 Unde
569 435 711 472 emanasse
731 422 824 474 Sullae

42 494 136 546 dictum
148 493 298 566 [constat],
315 497 462 563 optimates
475 496 586 562 saepius
597 494 781 560 admonentis,
795 503 828 548 ut

41 569 101 618 male
106 568 406 636 praecinctum-puerum
417 577 546 620 caverent.

89 641 187 693 XLVI.
207 643 353 694 llabitavit
363 642 452 710 primo
463 643 492 694 in
504 641 625 706 Subsua,
646 641 764 694 modicis
780 657 825 696 ae-

43 712 127 777 dibus,
146 721 212 782 post
225 721 316 766 autem
329 717 520 783 pontificatum
535 716 684 767 maximum
697 717 728 767 in
746 731 826 770 sacra

41 787 93 851 ria,
117 788 199 841 domo
223 789 344 857 publica.
381 789 581 840 Munditiarurn
601 790 826 859 lautitiarumque

43 860 266 920 studiosissimum
276 863 356 913 multi
366 862 558 929 prodidenmt:
578 863 673 914 villam
686 865 716 915 iu
726 863 751 916 N
753 881 826 917 emo·

43 936 119 998 rensi,
141 935 359 990 afundamcntis
369 935 527 987 inchoatam
548 952 702 1004 magnoque
717 947 828 1006 sumptu

44 1007 197 1074 absolutam,
210 1011 277 1077 qnia
286 1026 343 1061 non
353 1016 414 1061 tota
425 1010 460 1060 ad
472 1011 591 1062 animum
602 1011 628 1062 ei
637 1011 826 1078 responderat,

43 1085 120 1134 totam
131 1083 262 1147 diruisse,
284 1098 441 1150 quanquam
455 1091 564 1136 tenuem
575 1082 665 1136 adhuc
675 1092 702 1135 et
713 1085 827 1135 obaera-

44 1158 105 1206 tum:
131 1157 159 1208 in
179 1155 413 1225 expeditionibus·
421 1157 563 1210 tessellata
582 1164 610 1209 et
628 1157 737 1208 sectilia
752 1158 827 1223 pavl-

45 1236 124 1280 nenta
134 1231 342 1284 circumtulisse.

92 1303 200 1358 XLVII.
220 1305 395 1356 Britanniam
416 1305 517 1372 petisse
537 1320 586 1370 spe
605 1304 829 1370 nrargaritarum,

48 1389 150 1441 quarum
175 1375 385 1448 amplitudinem
409 1378 595 1430 conferentem
619 1377 755 1429 interdum
778 1393 830 1430 sua

48 1461 120 1503 manu
129 1455 253 1521 exegisse
267 1452 387 1520 pondus:
407 1467 541 1520 gemmas,
556 1457 724 1518 toreumata,
740 1454 828 1520 signa,

48 1524 145 1578 tabulas
156 1528 249 1595 operis
261 1527 368 1594 antiqui
383 1542 489 1594 semper
504 1526 705 1578 animosissime
720 1542 829 1594 compa-

47 1608 125 1650 rasse:
136 1601 250 1654 servitia
259 1601 379 1655 rectiora
389 1599 575 1667 politioraque
585 1601 718 1652 immenso
729 1602 828 1669 pretio,

49 1675 72 1720 tt
81 1673 151 1726 cuitu
161 1677 253 1743 ipsum
264 1675 347 1728 etiarn
357 1673 486 1742 puderet,
497 1674 539 1726 sic
547 1680 580 1725 nt
588 1675 744 1726 rationibus
754 1680 828 1726 veta-

49 1746 191 1802 tanturn.

95 1819 216 1874 xbvlll.
244 1814 424 1874 convivatum
457 1820 567 1874 assidue
593 1836 644 1888 per
671 1820 828 1888 provincias

51 1888 146 1946 duobus
159 1897 301 1960 tricliniis,
315 1911 385 1959 nno,
401 1911 455 1962 quo
466 1896 557 1962 sagati
566 1895 718 1964 palliative,
730 1894 828 1959 altero,

51 1971 192 2037 subrogati
207 1987 268 2024 cnm
282 1969 481 2022 illustrioribus
496 1970 700 2036 provinciarum
710 1967 828 2019 discum·

51 2033 142 2093 berent.
178 2044 366 2097 Domesticam
382 2042 556 2110 disciplinam
574 2043 603 2093 in
618 2042 710 2109 parvis
725 2055 758 2092 ac
772 2057 829 2092 ma-

53 2108 146 2167 iuribus
154 2120 236 2172 rebus
246 2117 392 2185 diligenter
402 2117 472 2169 adeo
484 2131 629 2183 severeque
644 2116 727 2179 rexit,
746 2121 779 2168 ut
788 2117 828 2184 pi·

55 2188 155 2254 olorem,
176 2193 262 2244 alium
277 2207 358 2260 quam
373 2191 427 2241 sibi
440 2206 539 2258 panem
550 2190 672 2241 convivis
683 2184 829 2244 subiicien-

57 2260 109 2323 nm,
119 2266 292 2333 compedibus
301 2265 432 2326 vinxerit3
447 2265 575 2316 libertum
585 2264 780 2330 gratissimum,
793 2265 829 2318 ob

39 2359 45 2368 ·
58 2329 222 2394 aduersum
232 2340 333 2407 equitis
343 2338 462 2390 Romani
471 2353 598 2401 uxorem,
614 2339 738 2406 quamvis
751 2339 829 2390 nullo

59 2415 178 2476 lucrante,
190 2414 305 2481 capitali
314 2427 405 2480 poena
415 2411 548 2464 affecerit.

105 2480 195 2538 XLIX.
206 2487 361 2540 Pudicitiae
371 2486 431 2536 elus
440 2484 543 2538 famam
554 2483 624 2538 nihil
634 2486 744 2553 quidem
754 2501 832 2553 prae-

62 2549 95 2602 ter
105 2552 255 2616 Nlcomedls
269 2560 477 2622 contubernium
492 2559 586 2625 laesit,
606 2561 687 2628 gravi
699 2566 791 2610 tamen
806 2563 834 2608 et
