1964 2962
144 119 148 122 ·
220 106 468 154 DOMITIANUS.
504 105 714 153 ostili-18.
809 101 859 156 387

9 217 11 284 ἶ
61 239 90 284 et
104 229 255 300 quomodo,
275 227 369 292 idest,
389 219 560 278 lauantemne
574 231 789 290 uueoeuautem,
811 240 858 294 ag·

9 309 10 322 ²
60 299 444 372 gumuemur38uphumm
464 299 858 367 Domstssmepuomumoret

43 407 46 416 ι
60 389 129 430 tunc
137 377 349 445 interceptarum
359 373 537 442 pecuniarum
546 387 622 438 reus,
634 373 780 426 consilium
791 387 856 440 ope·
867 357 882 382 ⁰

60 464 176 518 remque
190 448 300 500 obtulit.
337 448 377 499 Ac
394 447 446 498 s''
491 446 565 499 riore
578 443 706 511 brachio,
720 446 796 499 velut
810 461 854 499 ae·

60 539 127 592 gro,
141 522 213 572 lauis
227 520 376 590 fasciisque
385 453 554 589 pfflquot
563 520 621 572 dies
633 521 668 572 ad
679 519 855 573 evertendam
889 577 892 580 ,

60 595 246 662 suspicionem
262 594 407 660 obvoluto,
419 595 454 646 ad
467 596 557 664 ipsam
567 592 664 646 horam
674 593 802 647 dolonem
812 594 853 646 in·

8 666 15 740 ζ
60 667 854 738 teneus:prensumquecunpuuuonbtndnuum‚etob

8 767 10 774 ¹
60 742 116 796 hoc
126 742 272 808 admissus,
283 743 385 810 legenti
393 743 525 796 truditum
536 758 554 794 a
563 759 592 795 se
602 742 733 808 libellum,
744 747 772 794 et
781 747 854 794 atto·

9 845 10 848 ¹
59 817 141 881 nito,
161 815 277 868 suffodit
295 817 418 885 inguine.
457 817 586 870 Saucium
607 821 855 884 compugnantem

62 889 157 944 adorti
167 891 318 945 Clodianus
333 889 545 956 cornicularius,
556 896 584 944 et
592 891 731 942 Maximus
740 887 854 942 Partbe·
890 890 898 896 ”

59 966 244 1030 audbertus,
259 972 287 1018 et
300 965 426 1018 Saturius
440 966 552 1018 decmio
567 965 811 1028 cubiculariorum,
827 969 855 1017 et

63 1040 177 1110 quidam
191 1054 207 1092 e
220 1039 389 1108 gladiatorio
405 1039 486 1104 ludo,
500 1039 658 1092 vulneribus
673 1043 776 1108 septem
790 1053 854 1090 cou-

61 1113 246 1167 trucidarunt.
288 1113 373 1179 Puer,
388 1114 448 1184 qui,
463 1127 545 1166 curae
558 1113 673 1166 Larium
687 1111 807 1164 cubiculi
821 1125 856 1164 ex

64 1187 262 1241 consuetudine
276 1189 420 1252 assmtens,
433 1186 559 1240 interfuit
573 1186 664 1253 caedi,
674 1185 728 1239 boc
736 1185 855 1254 amplius

62 1262 209 1326 narrabat,
223 1277 253 1314 se
266 1262 371 1314 iussum
382 1276 400 1312 a
408 1261 570 1314 Domitiano
581 1262 617 1313 ad
630 1261 748 1329 primum
761 1260 856 1312 statim

63 1335 163 1390 vulnus
172 1337 319 1404 pugionem
329 1334 442 1405 pulvino
453 1335 592 1388 subditum
601 1335 752 1404 porrigere,
763 1348 796 1386 ac
805 1333 856 1384 ml-

8 1461 9 1466 ,
63 1412 168 1463 nistros
181 1425 294 1475 vocare,
314 1424 401 1477 neque
415 1407 452 1460 ad
466 1415 549 1476 caput
562 1411 721 1478 quicquam,
741 1413 855 1475 excepto

7 1513 10 1626 l
64 1483 856 1626 iilititiil‘iiiitiblidegisili„iti

272 1597 280 1624 ‚
845 1586 856 1597 .

7 1629 8 1632 ’
64 1631 176 1702 phano,
197 1633 375 1686 colluctatum
394 1629 455 1697 diu,
475 1632 540 1684 dum
552 1632 636 1685 modo
650 1631 752 1685 semum
766 1636 857 1684 extor-

65 1721 162 1777 quere,
171 1706 265 1772 modo,
277 1721 433 1776 quanquam
443 1707 554 1760 laniatis
565 1707 671 1776 digitis,
682 1705 779 1759 oculos
789 1703 856 1756 effo-

66 1783 132 1834 dere
142 1787 267 1833 couatur.
306 1781 420 1834 Occisus
430 1787 473 1834 est
485 1788 584 1849 quarm
596 1782 701 1834 dommo
716 1777 866 1831 Kalendas-

67 1855 210 1921 Octobris,
224 1870 297 1908 auno
312 1856 412 1908 aetatis
422 1856 517 1924 quinto
532 1862 559 1908 et
574 1854 796 1925 quadragesimo,
807 1851 857 1903 im-

64 1930 137 1999 perii
148 1929 243 1998 quinto
254 1929 370 1982 decimo.
409 1930 533 1983 Cadaver
543 1931 609 1990 eius,
620 1926 750 1994 popularl
759 1924 858 1976 sanda-

65 2003 127 2072 pila
144 2017 194 2069 per
212 2002 379 2069 vespillones
398 2009 571 2068 exportatum
590 2000 697 2068 Phyllis
715 1999 809 2050 nutrix
827 1999 858 2050 in

7 2081 10 2174 Ι
68 2077 228 2130 suburbano
243 2090 295 2128 suo
308 2075 411 2126 Latina
424 2076 470 2127 viu
483 2075 638 2126 funeravit:
657 2071 706 2124 sed
725 2071 858 2141 reliquias

8 2190 12 2201 .
66 2148 170 2214 templo
181 2147 295 2200 Flaviae
308 2148 397 2215 gentis
410 2148 481 2200 clem
494 2147 600 2211 intulit,
611 2145 801 2216 cineribusque
813 2145 857 2199 ln-

8 2249 9 2256 *
67 2225 137 2285 liae,
147 2221 221 2273 fillae
231 2222 302 2283 Titi,
314 2236 395 2287 quam
406 2227 433 2272 et
442 2221 504 2290 ipsa
513 2220 655 2284 educarat,
667 2219 848 2274 commiscuit.

7 2263 12 2362 Ι
125 2294 226 2348 xviii.
245 2293 358 2346 Statura
370 2292 425 2346 luit
436 2308 564 2362 procera,
575 2293 655 2346 vultu
662 2295 802 2361 modesto,
813 2296 911 2350 rust(

7 2393 8 2398 ¹
68 2369 201 2438 basisque
214 2367 309 2437 pleno,
319 2367 469 2436 grandibus
485 2367 586 2433 oculis,
596 2383 690 2420 rerum
704 2369 764 2422 acie
777 2367 858 2422 hebe-

68 2446 160 2498 tiore:
182 2448 325 2510 praeterea
338 2438 453 2510 pulcher
466 2457 500 2494 ac
514 2442 624 2508 decens,
642 2443 759 2496 maxime
772 2443 802 2496 in
815 2444 858 2495 iu·

68 2524 163 2583 renni,
184 2525 212 2570 et
231 2517 341 2586 peridem
359 2521 421 2569 toto
441 2532 571 2585 corpore,
592 2517 713 2586 exceptis
732 2517 858 2585 pedibus,

7 2633 9 2638 ,
69 2589 860 2662 quouuudbuumreuficdomuhabdmt3poueacabi

104 2686 248 2732 sauros.
328 2757 331 2762 Ι
471 2745 475 2752 ¹
635 2685 656 2732 i
