1992 2962
251 111 448 160 CALIGULA.
484 111 560 160 csl’.
577 113 695 190 ii-di.
817 112 868 166 18⁷

71 239 142 286 sunt
153 230 208 286 duo
218 232 314 298 libelli,
327 233 434 286 diverso
445 233 541 287 titudo:
561 233 641 286 alteri
653 233 774 299 Gladius,
787 237 868 290 alteri
934 285 938 297 ,

63 307 168 376 Pugio
181 307 264 360 index
277 314 345 359 crat.
382 309 468 361 Ambo
482 314 563 360 notas
578 313 605 360 et
618 309 731 360 nomina
746 311 867 362 contine·
911 362 915 376 ,

71 380 147 432 bant
160 381 244 432 morti
257 381 464 433 destinatorum.
501 381 616 439 Inventa
631 387 659 433 et
677 397 743 434 arca
762 382 866 449 ingens,

70 454 218 506 vas-iorum
231 469 397 507 venenortun
410 454 504 520 plcna3
524 455 623 522 quibus
637 469 702 506 mox
715 469 733 507 a
747 454 864 508 Claudio
911 474 929 499 *-

72 529 223 592 demersis,
236 527 339 580 iniecta
348 529 435 579 maria
444 528 601 592 traduntur,
615 543 671 579 non
681 528 739 579 sine
748 529 866 594 piscium

72 601 173 666 exitio,
185 617 255 670 qnos
266 607 375 653 enectos
386 607 477 652 assuto
487 603 516 654 in
525 602 652 667 proxima
661 601 746 653 litora
756 601 845 653 eiecit.

132 674 167 726 L.
188 675 512 740 Staunaiultcminenti,
527 674 632 741 pallido
644 673 750 739 colore,
767 690 864 742 corpo-

73 765 106 801 re
126 749 244 812 enormi,
264 748 420 816 gracilitate
438 749 558 800 maxima
572 748 685 800 convicia
699 753 727 800 et
746 763 864 824 anuum,

76 821 167 876 oculis
177 826 205 873 et
213 823 382 889 temporibus
397 823 537 886 concavis,
557 819 648 873 fronte
663 821 721 873 lato
734 827 762 874 et
774 813 864 886 torva,

71 894 180 963 capillo
191 909 255 947 raro
267 911 300 947 ac
310 896 384 948 drea
393 897 521 948 verticun
530 895 621 960 nullo,
632 893 754 947 hinuttns
765 900 864 948 cetera.

78 969 180 1033 qaaere,
190 975 347 1022 transeunte
358 984 404 1034 eo,
415 970 573 1036 prospicere
582 983 618 1020 en
626 969 768 1037 superiore
778 974 865 1056 parte,

77 1048 127 1094 ant
142 1043 252 1094 omnino
269 1057 429 1110 quacunque
444 1043 477 1094 de
492 1055 576 1094 cansa
590 1057 697 1109 capram
714 1043 866 1105 nominare,

7 1161 8 1176 ἶ
78 1117 256 1168 cummanum
266 1122 293 1168 ct
303 1117 413 1169 exntlalo
423 1115 583 1168 habebatur
619 1114 733 1166 Vultum
742 1129 807 1166 vero
818 1129 867 1167 na

75 1197 141 1242 tura
150 1187 291 1241 hom'dum
303 1205 335 1242 ac
344 1195 442 1241 tetrum
453 1190 535 1240 etnam
541 1203 575 1240 ex
582 1187 865 1252 mdnstiiaeffcrabat,
937 1234 942 1242 .

78 1277 257 1330 componens
261 1251 296 1314 ad
311 1263 472 1330 speculum
463 1279 493 1313 ιιι
507 1277 614 1314 omnem
623 1268 755 1314 terrorem
766 1277 799 1312 ac
808 1261 865 1313 for·

7 1357 9 1378 ·
76 1335 215 1390 nudinem.
252 1335 389 1389 valetudo
405 1337 432 1388 el
444 1351 532 1402 neque
545 1335 670 1403 corporis
683 1349 770 1402 neque
780 1335 866 1387 animi

78 1410 211 1462 constitit.
248 1410 320 1462 Puer
331 1409 465 1462 cominaln
473 1409 571 1460 morbo
585 1413 713 1474 vexatus,
733 1410 763 1460 in
773 1409 875 1462 adalc-v

7 1503 8 1552 ι
78 1485 182 1536 scentia
191 1483 231 1536 ita
241 1485 348 1555 patiens
363 1484 488 1536 laborum
502 1488 574 1546 erat,
593 1488 729 1534 attamen
742 1499 866 1535 ιιοιιιιιιιι·

79 1573 160 1627 quam
170 1557 261 1609 subita
271 1557 423 1610 delectione
431 1557 546 1624 ingredi,
554 1556 771 1624 stare‚colligere
781 1563 866 1609 semet

7 1685 8 1690 χ
71 1646 113 1682 ac
127 1629 240 1683 sufferre
253 1630 300 1683 vix
314 1637 416 1698 posset.
453 1631 555 1682 Mentis
568 1630 752 1682 valetudinem
766 1632 866 1698 etipse

78 1711 212 1768 senserat,
233 1719 266 1756 ac
278 1705 392 1757 subinde
406 1703 440 1756 de
454 1719 562 1756 secessu
570 1705 659 1771 ‚doque
669 1704 812 1772 purgando
824 1719 881 1756 co·-

78 1779 157 1831 rebro
178 1779 319 1846 cogitavit.
362 1779 489 1830 creditur
511 1779 672 1845 potionatus
693 1793 710 1829 a
730 1779 866 1831 Caesonia

77 1867 163 1903 uxore
179 1853 314 1905 amatorio
330 1852 438 1919 quidem
452 1850 664 1916 medicamento,
684 1851 733 1903 sed
748 1850 823 1918 quod
835 1853 872 1923 in

77 1925 326 1979 nuoremverteut.
349 1927 518 1978 Incitabstnr
527 1925 805 1977 insomnlnmaxime=
819 1940 866 1977 ne·

78 2015 130 2068 qne
144 1999 216 2051 enim
229 1999 290 2066 plns
304 2015 387 2068 quam
399 2001 488 2051 uibus
503 1998 644 2050 nocturnis
658 1995 734 2049 horis
744 1998 864 2064 quiesca-
887 2041 894 2056 .

7 2063 8 2088 ¹
76 2073 137 2136 bat3
157 2087 190 2125 ac
199 2088 232 2125 ne
243 2072 286 2125 his
296 2074 405 2142 quidem
415 2071 526 2140 placida
536 2073 635 2139 quiete,
646 2071 694 2122 sed
704 2071 805 2138 pavida
814 2073 864 2122 mi·

76 2147 115 2199 ris
129 2161 219 2199 rerum
232 2146 411 2214 imaginibus,
431 2146 525 2214 utqui
543 2147 615 2198 inter
634 2151 751 2208 ceteras,
771 2144 865 2212 pelagi

77 2220 213 2288 qnondam
229 2222 346 2288 speciem
363 2220 563 2287 colloquentem
577 2234 669 2271 secum
682 2217 775 2273 videre
788 2219 863 2270 visus

76 2294 121 2346 sit.
157 2293 277 2362 ideoque
287 2307 386 2364 magna
396 2300 473 2361 parte
482 2294 586 2358 noctis,
606 2292 719 2360 vigiliae
734 2292 864 2344 cubandi-

7 2397 8 2420 ;
78 2383 129 2438 que
137 2367 240 2433 taedio,
250 2383 322 2419 nunc
330 2374 394 2420 toro
404 2365 621 2429 residens‚nunc
631 2381 679 2434 per
688 2366 864 2434 longissimas

76 2441 197 2508 porticus
206 2457 306 2509 vagus,
316 2441 445 2492 invocare
455 2438 603 2492 identidem
615 2445 697 2508 utque
707 2444 864 2506 exspectare

77 2515 162 2568 lucem
172 2519 359 2568 consueverat.

129 2587 176 2642 Li.
195 2588 404 2644 Nonimmuito
419 2587 518 2642 mentis
531 2585 683 2654 valetudini
693 2553 864 2640 atinibnerinn
879 2597 884 2606 “
