1964 2970
179 77 315 150 ruarus‘
336 101 489 152 cnnsnn.
527 103 604 151 cnr.
624 103 738 150 ss-ee.
826 99 858 152 as

60 227 195 298 pletiores
204 227 234 277 in
244 241 273 277 se
285 224 472 280 contrtlissent.
510 223 606 292 Neque
619 225 648 276 in
658 231 714 277 ta‘m
726 225 857 279 diuturno

61 301 322 377 spatioaquisquam
347 301 458 351 omnino
483 298 610 352 descivit:
639 299 763 368 plerique
783 302 858 368 capti

62 390 224 428 concessam
235 374 290 425 sibi
300 375 350 425 sub
361 373 520 426 conditione
531 373 630 436 vitam,
646 373 671 423 si
680 374 799 426 militare
810 374 856 426 ad·

13 475 14 506 t
60 466 158 502 versus
178 448 363 512 cumvellent,
383 454 553 501 recusarunt.
592 447 703 498 Famem
714 455 742 500 et
752 455 857 500 ceteras

60 525 252 586 necessitates,
263 537 319 572 non
330 538 412 590 quum
424 523 614 574 obsiderentur
624 520 721 587 modo,
737 521 785 574 sed
795 523 858 575 etsi

59 598 135 649 alios
145 597 203 664 ipsi
217 596 386 661 obsiderent,
400 603 545 664 tantopere
558 595 728 662 tolerabant,
742 601 774 648 ut
784 596 856 664 Dyr·

61 669 196 723 rbachina
206 670 358 722 munitione
369 669 529 738 Pompeius,
543 671 604 721 viso
619 684 718 737 genere
732 671 812 738 panis
823 685 856 722 ex

12 751 13 754 ’
62 744 160 809 herba,
173 749 237 812 'quo
252 745 469 809 sustinebantur,
491 760 552 796 oum
569 742 637 816 ieris
655 743 711 795 sibi
724 759 781 796 rem
796 760 856 796 esse

62 819 172 882 dixerit,
179 819 356 886 amoverique
366 819 443 870 ocius
453 834 503 870 nec
513 818 640 885 cuiquam
652 819 761 870 ostendi
770 819 856 870 iusse-

60 894 110 958 rit,
130 909 166 944 ne
180 893 316 960 patientia
329 899 357 944 et
369 893 522 960 pertinacia
540 891 628 944 hostis
643 893 729 944 animi
742 909 855 946 suornm

60 966 262 1035 frangerentur.
302 967 412 1028 Quanta
421 965 584 1018 fortitudine
599 966 801 1032 dimicaverint,
815 973 856 1019 te·

60 1043 193 1094 stimonio
205 1047 255 1105 est,
261 1041 345 1109 quod,
352 1041 467 1100 adverso
478 1041 562 1092 semel
572 1040 645 1108 apud
650 1040 856 1109 Dyrrhachium

61 1115 183 1184 proelio,
202 1130 320 1183 poenam
335 1117 364 1166 in
375 1115 487 1167 scultro
499 1115 732 1182 depoposcerunt3
750 1117 782 1165 ut
792 1128 856 1166 con·

61 1189 194 1248 solandos
208 1205 258 1240 eos
271 1191 360 1257 magis
374 1191 526 1256 imperator
540 1203 622 1255 quam
640 1188 794 1256 puniendos
809 1186 856 1238 ha-

60 1265 158 1316 buerit.
199 1263 304 1315 Ceteris
324 1263 437 1330 proeliis
455 1264 613 1314 innumeras
633 1261 854 1314 adversariorum

59 1339 165 1406 copias,
176 1337 271 1389 multis
281 1338 406 1404 partibus
416 1339 471 1405 ipsi
481 1337 639 1404 panciores,
650 1335 733 1388 facile
743 1351 854 1404 supera·

58 1420 165 1466 rerunt.
205 1402 332 1480 Denique
343 1427 397 1462 una
407 1419 502 1464 sextae
512 1410 631 1478 legionis
647 1398 759 1476 cobors,
775 1427 854 1479 prae-

58 1488 153 1555 posita
166 1486 296 1550 castello,
317 1491 436 1553 quatuor
449 1485 576 1553 Pompeii
595 1483 718 1552 legiones
736 1501 786 1553 per
804 1486 854 1536 ali·

59 1567 127 1630 quot
137 1559 223 1613 horas
233 1562 372 1624 sustinuit,
383 1575 468 1627 paene
480 1561 568 1612 omnis
579 1560 688 1612 confixa
702 1560 854 1613 multitudi·

56 1651 92 1687 ne
101 1634 245 1686 hostilium
256 1636 431 1702 sagittarum,
453 1649 568 1702 quarum
579 1642 686 1686 centum
697 1650 730 1685 ac
739 1635 855 1702 triginta

56 1707 147 1761 millia
160 1710 235 1760 intra
248 1709 351 1760 vallum
366 1714 475 1776 reperta
489 1714 561 1760 sunt
599 1707 657 1762 Nec
666 1711 779 1772 mirum,
798 1709 854 1758 sin-

57 1783 228 1858 gnlornmlsi
241 1783 303 1852 quis
317 1782 393 1834 iacta
403 1784 550 1850 respiciat,
569 1781 614 1835 vel
628 1783 719 1835 Cassii
734 1782 855 1834 Scaevae

58 1857 243 1921 centurionis,
254 1857 298 1910 vel
309 1857 339 1908 G.
350 1857 432 1908 Acilii
442 1857 551 1921 militis,
561 1873 596 1910 ne
606 1857 640 1908 de
650 1856 775 1925 pluribus
785 1855 854 1907 refe-

58 1947 129 1983 ram.
169 1931 285 1996 Scaeva,
307 1947 422 1984 excusso
438 1932 534 1995 oculo,
554 1932 704 1982 transfixus
713 1929 817 1981 femore
828 1935 856 1980 et

59 2004 188 2070 humero,
209 2012 315 2057 centum
330 2016 357 2058 et
370 2006 470 2073 viginti
482 2006 584 2057 ictibus
603 2011 683 2056 scuto
701 2002 853 2070 perforato,

59 2078 215 2132 custodiam
225 2086 323 2147 portae
335 2081 475 2132 commissi
486 2079 593 2132 castelli
603 2079 724 2130 retinuit.
749 2077 853 2127 Acilius

57 2153 154 2206 navali
164 2153 200 2205 ad
210 2153 366 2206 Massiliam
378 2155 499 2222 proelio,
519 2154 622 2205 iniecta
636 2151 665 2202 in
675 2167 793 2219 puppem
805 2141 874 2201 bost
962 2177 967 2188 ·

58 2229 142 2280 stium
163 2227 273 2293 dextra,
298 2235 326 2280 et
345 2229 466 2292 abscisa,
491 2226 669 2280 memorabile
689 2224 759 2276 illud
780 2225 853 2292 apud

59 2301 187 2354 Graecos
196 2302 344 2370 Cynaegiri
354 2303 506 2370 exemplum
516 2301 654 2365 imitatus,
672 2301 814 2352 transiluit
823 2301 852 2350 in

56 2391 168 2440 navem,
176 2377 294 2428 umbone
305 2377 403 2428 obvios
414 2393 507 2444 agens.
706 2402 717 2416 -

113 2449 215 2502 LXIX.
226 2451 395 2503 Seditionem
406 2466 454 2518 per
465 2451 559 2502 decem
569 2463 663 2502 annos
668 2447 785 2499 Gallicis
795 2446 852 2498 bel·

55 2524 91 2575 lis
101 2525 207 2575 nullam
218 2527 329 2577 omnino
341 2531 492 2587 moverunt,
502 2523 629 2574 civilibus
640 2520 812 2589 aliquas,sed
821 2526 853 2570 ut

55 2598 183 2652 celeriter
197 2599 233 2652 ad
248 2600 369 2652 odicium
383 2599 527 2662 redierint,
548 2602 670 2648 nectam
679 2592 851 2658 indulgentia

603 2669 662 2732 cz'
