1964 2970
147 95 180 152 lfi
220 60 223 64 Ι
430 98 457 142 C.
475 97 664 145 SUETONH

146 223 206 275 elus
225 217 377 288 praefixum
395 216 491 269 hastae
507 216 685 268 circumtulit:
705 222 803 284 postes
818 216 938 270 solidam
967 245 968 248 =

146 296 301 348 columnam
315 307 401 360 prope
414 291 513 362 viginti
528 291 625 358 pedum
641 290 742 357 lepidis
752 290 894 342 Numidici
908 293 938 343 in

144 369 208 423 foro
234 369 345 430 statuit,
374 365 551 431 scripsitque:
584 363 742 416 PARENTI
770 363 935 417 PATRlsiE.

144 443 224 512 Apud
243 440 356 494 eandem
369 439 453 506 longo
472 444 595 504 tempore
609 437 779 502 sacrificare,
798 444 936 491 setosus·

147 519 250 586 cipere,
266 513 467 568 eonooversiee
481 510 615 578 quosdam
629 512 793 580 interposito
807 527 857 580 per
867 513 935 566 Cae·
967 573 968 576 Ἴ

147 605 236 644 serem
245 586 421 640 iureiurando
434 583 585 639 distrahere
594 587 785 652 perseveravit.
823 601 831 610 ¹

195 661 354 715 nxxxvl.
375 659 565 726 Suspicionem
574 660 855 727 Caesarquibusdam
871 676 935 712 suo-

146 754 207 792 rum
216 735 340 804 reliquit,
360 747 447 800 neque
460 733 582 785 volubse
596 749 626 785 se
636 733 739 785 diutius
748 729 839 786 vivere
848 749 936 804 neque

147 825 271 874 curasse,
292 807 367 875 quod
380 806 537 859 valetudine
550 804 641 860 mium
654 823 786 876 prospera
800 814 936 872 uteretur;

146 885 274 951 ideoque,
284 888 312 934 et
321 897 391 949 quae
400 879 549 948 religiones
556 888 711 946 monerent,
723 888 750 934 et
760 896 830 949 qnae
839 897 937 934 renun-

149 959 253 1011 cierent
263 955 354 1020 amici,
364 953 525 1022 neglexisse.
555 954 623 1007 Sunt
633 955 681 1022 qui
689 962 793 1023 putent,
804 957 937 1020 conlisum

148 1047 209 1085 etim
219 1030 369 1083 novissimo
383 1029 434 1081 illo
450 1035 560 1082 senatus
571 1029 697 1082 consulto
708 1045 741 1081 ac
749 1030 937 1095 iureiurando,

148 1107 232 1160 etism
242 1103 654 1171 custodiasliispanomm‚cum
663 1104 764 1171 gladiis
774 1105 938 1156 sectantium

149 1191 193 1245 se,
203 1180 366 1248 removisse:
386 1177 461 1230 aliie
472 1178 579 1230 diverso
592 1179 747 1246 opinatum,
762 1177 879 1230 insidias
887 1194 938 1230 uu-

150 1255 232 1323 ‹lique
241 1253 413 1306 imminentes
423 1253 515 1306 rubim
526 1253 610 1304 semel
619 1253 706 1304 setius
716 1257 788 1316 esse',
800 1267 884 1319 quem
894 1269 938 1304 ca·
962 1288 965 1296 s

151 1345 212 1382 vere
225 1343 340 1395 semper.
378 1327 434 1377 Alii
447 1326 550 1392 fenmt,
571 1328 662 1380 dicere
676 1327 801 1390 solitum,
820 1341 873 1378 non
884 1336 941 1379 tam

151 1418 199 1454 siro
209 1417 288 1468 psam
297 1400 454 1468 reipublicae
464 1401 595 1463 interesse,
606 1400 648 1452 cti
657 1401 741 1458 salem
752 1408 829 1452 esset:
847 1416 874 1453 se
884 1401 939 1454 lom

148 1476 250 1545 pridem
256 1474 391 1544 potentiae
403 1475 556 1543 gloriaeque
566 1475 666 1526 abunde
676 1475 799 1540 adeptum
803 1490 816 1536 ,·
835 1491 938 1543 rempu-

150 1551 256 1613 blicam,
277 1549 301 1601 si
314 1549 377 1615 quid
389 1548 440 1600 sili
453 1549 577 1609 eveniret,
598 1562 681 1612 neque
690 1547 805 1612 quietam
812 1547 891 1618 sore,
915 1559 942 1602 et

149 1624 285 1692 aliquanto
296 1621 423 1674 deteriore
433 1621 580 1673 conditione
590 1619 677 1671 αὐίἱία
687 1619 752 1670 belle
762 1621 918 1676 subituram.

204 1695 370 1750 LXXXVII.
389 1693 461 1745 illud
476 1693 556 1760 plene
571 1693 643 1743 inter
658 1707 750 1744 omnes
764 1693 822 1746 iere
837 1699 939 1750 consti·

150 1774 197 1838 tit,
216 1772 300 1824 telem
319 1770 346 1821 ei
364 1772 478 1818 mortem
498 1781 584 1832 poene
599 1780 633 1816 cx
647 1767 781 1818 sententia
796 1769 939 1838 obtigisse.

150 1845 222 1899 Nem
232 1851 260 1898 et
269 1841 415 1912 quondam,
427 1855 509 1906 quum
520 1838 592 1908 apud
597 1838 805 1907 Xenophontem
817 1843 939 1912 legisset,

151 1922 253 1988 Cyrum
262 1913 525 1968 ultimaraletudinc
538 1913 683 1967 mandasse
699 1917 834 1983 quaedem
849 1919 883 1972 de
897 1921 939 1972 fu·

148 2009 213 2046 nere
223 2007 287 2054 suo,
303 1994 529 2054 aspernametam
540 1987 643 2040 lentum
651 1991 749 2042 mortis
758 2007 852 2059 genus,
864 1996 939 2046 subi·
954 1997 957 2014 ¹

148 2074 205 2120 tam
219 2063 274 2117 sibi
289 2062 456 2129 celeremque
470 2068 626 2130 optaverat:
650 2070 678 2116 et
691 2066 781 2132 pridie
795 2081 877 2136 quem
893 2085 938 2120 oc-

149 2141 297 2200 cideretur,
317 2137 346 2188 in
361 2151 485 2189 sermone
500 2143 566 2190 neto
582 2153 666 2207 super
681 2155 793 2192 coenam
809 2142 883 2208 apud
898 2137 938 2195 M.

148 2211 297 2282 Lepidum,
319 2211 443 2278 qiusnem
454 2213 596 2264 essetiinis
606 2213 680 2266 vitae
690 2215 938 2282 commodissimus,

149 2287 319 2356 repentinum
329 2286 554 2355 inopinatumque
564 2289 740 2355 praetulerat.

93 2419 100 2428 η
202 2358 379 2413 LXXXVlll.
398 2360 485 2426 Periit
495 2368 572 2415 sexto
583 2369 611 2416 et
625 2363 851 2431 quinquagesimo
863 2371 937 2417 scta-

146 2435 184 2488 tis
193 2450 282 2488 anno:
302 2441 383 2502 etque
393 2436 422 2486 in
433 2435 546 2487 deorum
554 2451 696 2488 numerum
705 2437 811 2489 relsrus
819 2444 870 2500 est,
880 2455 937 2490 non

149 2524 196 2563 ore
215 2510 301 2562 modo
320 2510 534 2574 decernentium,
554 2509 641 2562 sedet
655 2510 833 2578 persuasione
846 2512 936 2580 vulgi:

148 2583 378 2654 siquidemludis,
396 2598 466 2652 quos
474 2584 563 2652 primo
575 2590 749 2638 consecratos
759 2584 786 2637 ei
796 2583 874 2640 heres
883 2587 936 2638 Au-
