1964 2962
129 137 178 192 83⁰
384 139 433 186 10.
456 137 639 188 SUETONH

128 257 226 325 modo,
246 258 295 312 sed
304 259 388 312 mam
400 259 577 314 liberalitatis
586 259 780 328 experimenta.
821 257 927 311 Omnes

115 335 203 398 ‚drea
211 349 242 386 se
251 327 406 402 largissime
415 340 589 404 prosecutus,
603 330 674 384 nihil
682 333 759 398 prius
771 337 821 383 aut
830 333 927 384 acrius

127 409 248 472 monuit,
268 422 351 474 quum
368 423 403 459 ne
422 407 490 475 quii
503 407 615 460 sordide
629 405 760 457 iacerent.
798 405 928 458 llelictaa

128 482 183 534 sibi
192 479 558 548 heredidatesablis,qulbus
564 480 796 544 liberierantuon
806 481 927 546 recepit.

128 554 263 623 Legatum
277 555 362 606 etiam
372 569 404 606 ex
418 560 582 606 testamento
593 553 677 605 liusei
688 553 852 620 Caepionis,
876 555 928 621 qui

129 635 247 693 caverat,
258 635 290 681 ut
299 629 447 697 quotannis
460 627 677 696 ingredientibus
688 625 799 678 curiam
810 633 928 680 senato.

127 703 204 754 ribus
214 709 315 754 certam
326 716 458 753 summam
471 701 575 754 viritim
588 705 742 769 praestaret
755 697 834 752 heres
844 715 926 765 suus,

126 777 236 838 irritum
245 775 320 827 iecit.
356 775 443 839 Reos,
464 775 512 842 qui
527 781 590 827 ante
599 773 816 842 quinquennium
826 777 926 840 proxi-

125 864 200 902 mum
210 845 283 918 opud
294 849 430 902 aerarium
440 848 645 916 pependissent,
666 848 812 900 universos
822 847 926 916 discri-

125 923 347 986 mlueliberauit3
366 937 417 975 neo
426 921 525 988 repeti,
544 922 601 972 nisi
613 922 809 984 intraannum,
830 935 925 990 eaque

125 997 284 1049 conditione
293 995 430 1063 permisit,
448 1001 481 1046 ut
489 995 658 1058 accusatori,
678 994 727 1061 qui
739 1007 852 1044 cainam
865 1001 925 1048 non

122 1075 240 1134 teneam,
251 1070 379 1122 exsilium
388 1061 477 1139 poena
487 1074 568 1121 esset.
607 1067 717 1120 Scribas
731 1067 922 1134 quaestorios,

123 1144 296 1212 negotiantes
306 1157 340 1194 ex
350 1142 559 1206 consuetudine,
576 1141 624 1194 sed
634 1145 731 1194 contra
742 1139 873 1192 Clodiam
883 1142 923 1193 le·

124 1232 195 1286 gem,
204 1217 286 1270 venia
293 1217 324 1268 in
333 1217 510 1282 praeteritum
519 1215 643 1268 donavit.
681 1214 835 1280 Subsioira,
847 1230 922 1282 quae

125 1291 222 1342 divisis
241 1306 292 1358 per
307 1296 454 1342 veteranos
477 1290 552 1357 agris
576 1289 694 1356 carptim
716 1286 920 1356 superfuerant,

126 1365 262 1416 veteribus
272 1365 488 1429 possessoribus,
498 1367 681 1430 ntusuoapta,
693 1361 838 1414 concessit.
873 1362 920 1414 Fi-

124 1435 213 1488 scales
233 1435 385 1488 calumnias
433 1439 505 1506 ogni
523 1436 748 1488 calumniantium
765 1437 858 1503 poeni
877 1451 919 1488 re-

100 1543 104 1548 ·
124 1510 238 1578 pressim
257 1452 597 1584 terebaturqlgeuoxeinsz
612 1509 748 1578 princeps,
764 1506 919 1577 quiddam-

84 1633 86 1637 .
124 1599 167 1637 res
176 1599 228 1636 sen
237 1582 363 1652 castiget,
373 1582 474 1636 irritat.
699 1597 702 1606 ·

179 1732 215 1786 X.
235 1729 289 1785 Sed
308 1746 396 1799 neque
410 1732 440 1783 in
455 1732 615 1787 clementiae
628 1746 717 1800 neque
735 1733 765 1784 in
779 1730 919 1784 abstinen-

112 1807 181 1859 -tiae
194 1813 290 1860 tenore
302 1807 466 1875 permensit:
485 1812 514 1859 et
526 1811 618 1860 tamen
636 1806 779 1874 aliquanto
800 1805 919 1859 celerina

125 1881 161 1933 ad
171 1881 313 1933 saevitiem
325 1879 450 1944 descivit,
462 1895 543 1947 quam
554 1878 589 1932 ad
600 1875 786 1948 cupiditatem.
824 1878 919 1932 Diaci-

126 1956 220 2024 pulum
230 1953 339 2006 Paridis
349 1955 524 2022 pantomimi,
544 1969 692 2022 pauperem
706 1952 796 2006 adhuc
809 1959 838 2006 et
850 1959 919 2008 tuno

127 2029 328 2096 quummaxime
337 2041 462 2096 aegrum,
482 2029 557 2095 quod
572 2034 631 2080 arte
644 2027 788 2096 formaque
801 2043 859 2080 non
870 2029 919 2080 ab·

125 2103 225 2154 simillia
237 2103 370 2170 magistro
384 2101 541 2166 videbatur,
557 2101 671 2154 oceidit:
690 2103 756 2154 item
766 2101 919 2170 Hermoge-

121 2191 186 2228 nem
203 2177 378 2239 'tamensem
397 2182 511 2246 propter
525 2175 659 2243 quosdam
673 2177 703 2226 in
717 2173 835 2229 historia
849 2177 921 2244 ligo·-

125 2264 186 2312 ras;
205 2249 328 2302 librariis
337 2251 433 2314 etiam,
450 2251 497 2317 qui
507 2265 568 2302 enm
578 2249 791 2319 descripserant,
811 2251 918 2302 crucili-

124 2323 178 2374 xis.
221 2321 468 2387 Patremlamilias,
493 2323 568 2390 quod
591 2321 726 2376 Thracem
751 2322 920 2377 mirmilloni

104 2441 107 2449 ,
124 2408 231 2462 parem,
254 2397 410 2448 munerario
433 2387 571 2464 imparem'
585 2397 704 2460 dixerat,
730 2397 918 2460 detractume

124 2465 289 2530 spectaculis
308 2470 337 2519 in
358 2483 482 2534 menam,
507 2471 621 2521 canibus
641 2470 755 2534 obiecit,
781 2486 842 2522 etim
862 2469 917 2524 hoc

123 2537 221 2588 titillo:
246 2537 330 2605 impie
350 2542 452 2594 locum
463 2543 653 2608 parmularius.
693 2543 855 2612 §omplures
875 2561 915 2598 se·

43 2627 46 2638 ·
122 2613 247 2673 catores,
266 2611 296 2662 in
315 2610 358 2665 his
378 2613 486 2682 aliquot
504 2616 676 2680 consulares,
700 2617 852 2684 interemit:
882 2631 915 2672 cx
950 2619 953 2628 “
