1992 2962
332 159 442 226 urso.
478 179 557 226 car.
574 181 690 229 so-n,
860 179 910 232 ιιι

117 309 148 355 et
164 301 285 365 foetido,
310 299 425 354 sufflavo
445 301 562 369 capillo,
586 300 665 355 vultu
687 299 801 370 pulchro
822 303 911 372 magis

117 392 200 445 quam
209 379 338 441 venusto,
350 373 439 428 oculis
449 377 548 428 caesiis
558 381 586 428 et
595 373 794 441 hebetioribus,
807 380 911 430 cervien

118 451 216 515 obesa,
227 454 321 502 ventre
330 451 470 519 proiecto,
484 450 645 518 gracillimis
656 451 792 514 omuibus,
807 451 911 504 valetu-

118 525 183 578 dine
193 523 336 594 prospera.
375 523 460 589 Nam,
480 525 529 594 qui
547 523 673 576 luxuriae
686 523 912 594 immoderatissi-

117 615 179 652 mae
189 603 273 664 esset,
293 603 335 651 ter
346 600 457 651 omnino
473 613 522 666 per
535 598 742 666 quatuordeeim
753 613 843 664 annos
853 597 912 652 lan·

117 673 187 740 guit,
198 679 280 742 atque
290 674 340 738 ita,
350 678 383 725 ut
391 689 479 744 neque
489 673 554 725 vino
564 689 652 742 neque
663 674 860 726 consuetudine
869 689 912 727 re·

117 747 196 814 liqna
216 747 373 800 abstineret.
414 748 495 800 Circa
519 745 620 800 cultum
642 745 820 816 habitumque
840 748 911 800 adeo

117 821 269 889 pudendus,
274 830 306 872 ut
316 836 423 873 comam
433 837 540 889 semper
548 822 578 873 in
588 822 690 890 gradus
699 821 856 888 formatam,
865 837 911 890 pe-

60 915 65 923 ‘
115 893 910 986 regrinationebohaieaetiamponerertioem'summiserit;

117 984 151 1026 ac
170 965 330 1038 plerumque
350 967 538 1037 synthesinam
557 969 682 1035 indutus,
702 969 789 1038 ligato
809 971 911 1022 suanm

117 1043 219 1095 collum
229 1043 353 1108 armario,
364 1044 517 1111 prodierit
508 1059 537 1095 ιιι
547 1043 700 1112 publicum,
716 1046 774 1132 sine
785 1045 876 1097 oinotn
885 1050 911 1097 et

116 1117 304 1170 discalciatus.

172 1189 232 1242 Lll.
252 1191 396 1246 Liberales
411 1191 573 1258 disciplinas
587 1207 680 1244 omnes
694 1191 752 1244 fere
766 1207 834 1260 puer
849 1193 912 1244 atti-
937 1202 942 1206 ·

116 1265 166 1334 git.
205 1261 260 1318 Sed
271 1281 288 1317 a
298 1263 477 1334 philosophia
487 1281 548 1317 eum
558 1271 646 1317 mater
661 1268 772 1331 avertit,
788 1281 911 1330 monens,

116 1341 286 1408 imperaturo
302 1341 468 1392 contrariam
484 1355 571 1408 esse3
581 1355 598 1390 a
615 1341 773 1406 cognitione
790 1345 913 1392 veterum

36 1444 43 1450 -
118 1420 260 1467 oratorum
271 1415 375 1467 Seneca
384 1418 559 1482 praeceptor,
575 1429 629 1481 quo
641 1413 763 1466 diutius'
754 1431 783 1466 ru
794 1415 913 1466 admira

71 1493 73 1498 '
116 1490 192 1541 tione
203 1506 247 1541 sur
238 1489 403 1542 detineret
430 1489 525 1556 ltaque
537 1488 572 1538 ad
581 1488 719 1556 poeticam
730 1504 842 1557 pronus,
854 1504 913 1540 ear·

116 1563 319 1620 minalibenter
330 1564 432 1616 aesino
442 1563 539 1615 labore
550 1563 718 1629 composuit·
737 1567 800 1628 nee,
811 1568 843 1614 ut
853 1564 913 1632 qni

63 1702 67 1712 ‚
118 1637 315 1706 imputant,
323 1639 415 1690 aliena
429 1636 480 1706 pr'o
496 1636 661 1690 strisedidit.
700 1637 912 1714 Venereinma-

116 1727 168 1764 nus
179 1727 254 1765 meas
263 1713 414 1785 pugillares
425 1713 567 1781 libellique
578 1727 640 1764 eum
651 1704 831 1781 quibusdam
825 1713 912 1764 notis·

116 1787 194 1840 moris
204 1789 366 1852 versibus,'
357 1787 445 1856 ipsius
457 1785 639 1856 chirographo
651 1787 774 1854 seriptis,
788 1791 820 1837 ut
829 1785 912 1838 facile

117 1869 276 1929 appareret,
296 1878 352 1915 non
365 1862 517 1915 translatos
532 1867 580 1913 ant
593 1861 715 1913 dietmte
730 1861 824 1928 aliquo
835 1875 912 1912 exce·

115 1941 193 2004 ptos,
214 1937 263 1988 sed
276 1937 358 2005 plane
372 1937 454 2003 quari
471 1953 489 1988 a
507 1937 646 2004 rogitante
666 1942 748 2003 atque
765 1942 912 2002 generante

117 2015 261 2074 exaratos3
280 2013 322 2062 1ta
331 2012 420 2063 multa
429 2017 457 2063 et
467 2011 558 2064 deleta
567 2017 595 2064 et
603 2010 717 2063 induem
727 2015 754 2063 et
763 2009 912 2078 superseri

134 2086 291 2137 temerant

115 2099 134 2154 P
172 2158 246 2209 [ΙΙΙ.
266 2160 374 2212 Habuit
388 2157 426 2210 et
432 2159 576 2226 pingendi,
596 2159 770 2228 fingendique
784 2157 912 2222 maxime,

115 2247 173 2284 non
182 2231 322 2284 mediocre
332 2232 462 2284 studrum
491 2233 616 2285 Maximo
626 2239 717 2286 antem
727 2232 913 2301 popularrtate

117 2303 294 2369 efferebatur,
304 2307 425 2357 omnium
437 2306 628 2374 aemulumqui
637 2323 749 2376 quoquo
759 2303 842 2360 modo
855 2305 914 2358 ani·

116 2393 192 2432 mum
211 2378 288 2447 vulgi
301 2386 451 2432 moverent.
488 2380 566 2430 Eliit
584 2381 693 2448 opinio,
712 2387 778 2449 post
790 2381 930 2432 scenicae.

22 2517 24 2521 r
116 2469 236 2506 coronas
250 2455 378 2522 proximo
393 2454 480 2506 lustro
497 2452 689 2507 descensurum
699 2469 760 2507 eum
772 2455 807 2505 ad
819 2453 913 2523 Olym·

115 2531 165 2599 pia
174 2529 247 2581 inter
257 2527 385 2582 athletas.
424 2527 493 2580 Nam
510 2533 537 2578 et
552 2525 709 2578 luctabatur
720 2529 843 2579 assidue:
862 2543 914 2588 neo

49 2611 52 2618 '
116 2605 198 2657 aliter
212 2606 363 2658 ornamina
376 2603 506 2672 gymnica
520 2599 639 2654 Graecia
657 2607 719 2653 tots
732 2608 913 2668 spectaverat,

101 2685 106 2692 ‘
117 2694 201 2749 quam
211 2680 407 2735 brabeutarum
417 2678 532 2734 moreio
542 2675 634 2730 stadio
645 2673 721 2729 humi
732 2675 864 2742 assidens,
871 2691 913 2742 ar,
