1964 2970
135 75 151 125 2
418 73 445 122 0.
463 72 654 122 sennenn

136 195 245 250 terihan
255 193 528 262 pecnniaredimere3
549 195 637 248 donec
645 212 695 263 per
703 198 823 265 virgines
833 198 937 252 Vesta-

137 270 178 322 les
188 283 290 336 perque
299 268 467 319 Mamercum
472 268 616 320 Aemilium
626 271 799 324 ethurelium
810 273 936 339 Cottam,

138 343 309 412 propinquos
319 346 346 393 et
356 342 450 393 affines
460 357 534 406 sues,
545 343 653 394 veniam
662 345 828 412 impetravit.
856 347 937 399 Satis

139 422 256 481 constat,
268 415 387 479 Sullam,
403 431 486 482 quum
496 415 706 482 deprecantibus
717 419 895 472 amicissimis
908 429 937 472 et

139 490 323 543 ornatissimis
336 489 404 540 viris
419 489 590 556 aliquamdiu
605 490 778 558 denegasset,
794 498 880 559 atque
890 495 937 546 illi

136 565 315 634 pertinaciter
326 563 532 626 contenderent,
547 569 731 630 expugnatum
744 565 856 618 tandem
867 583 935 634 pro-

138 640 280 702 clamasse,
292 638 349 688 sive
359 636 490 688 divinitus
500 637 558 689 sive
568 638 663 705 aliqua
673 640 845 691 coniectura:
867 639 934 693 Vin-

139 721 228 766 cerent
237 727 269 763 ce
279 709 475 773 attinerent,
492 711 628 763 dummodo
643 711 754 777 seirent,
771 730 843 777 earn,
855 729 936 780 quern

139 785 295 839 incolumem
305 792 440 852 tantopere
450 793 587 852 euperem,
599 786 752 853 nandoque
763 787 935 854 optimatium

133 859 270 930 partibus,
292 874 452 925 qnosseeam
462 857 540 910 simul
552 858 742 930 defendissent,
758 859 840 912 exitio
848 861 933 931 fata-

136 951 211 987 rnm:
230 949 292 986 nom
303 932 412 984 Caesari
420 933 514 984 maltos
524 929 627 987 Marios
635 932 726 984 inesse.

87 1045 112 1086 s(
192 1007 238 1088 ssa
247 991 390 1074 Stipendia
399 1005 527 1074 primain
536 1007 602 1058 Asia
611 997 842 1060 iecitlll.'l'hermi
851 1025 932 1076 prae-

137 1083 209 1136 teris
219 1082 413 1145 conhaberni03
434 1097 451 1132 a
461 1097 516 1149 quo
527 1082 562 1132 ad
573 1082 765 1135 arcessendam
774 1083 890 1136 classem
900 1087 932 1138 ia

136 1157 299 1226 Bithyniam
312 1157 428 1220 missus,
447 1156 554 1210 desedit
573 1157 647 1224 apud
662 1155 854 1222 Nicomedem,
873 1174 931 1211 non

139 1235 198 1284 sine
208 1247 317 1284 rumore
327 1237 483 1299 prostratae
492 1231 552 1298 regi
561 1230 726 1298 pudicitiae3
747 1248 826 1300 quem
838 1248 931 1308 rumo-

138 1323 196 1360 rem
207 1307 293 1369 auxit,
301 1307 375 1357 intra
384 1319 488 1372 pancos
497 1319 592 1357 numu
602 1304 661 1358 dies
670 1308 787 1373 repetita
797 1305 932 1373 Bithynia

138 1396 188 1450 per
198 1394 309 1430 causam
319 1380 467 1446 exigendae
476 1380 623 1448 pecuniae,
639 1395 709 1447 quae
719 1381 863 1432 deberetur
872 1383 929 1431 cui-

140 1456 203 1506 dam
218 1454 347 1505 libertino
364 1453 458 1504 clienti
477 1468 538 1504 suo.
555 1453 694 1521 tReliqua
712 1455 814 1506 militia
834 1447 929 1506 sectur-

134 1530 218 1580 ‘diere
228 1525 377 1590 iamaiuit,
393 1531 421 1577 et
431 1541 447 1576 a
457 1525 576 1581 Thermo
591 1527 622 1577 in
631 1530 833 1595 expugnatione
842 1529 928 1595 Myti-

139 1599 663 1656 lenarumcorenacivicadonatusest.
801 1647 803 1652 .

194 1675 242 1726 Ill.
261 1674 365 1726 Meruit
373 1679 401 1725 et
410 1674 460 1724 sub
468 1673 714 1728 Serviliolsauricc
725 1675 867 1737 incilicia,
879 1678 929 1731 sed

139 1750 357 1816 brevitempore.
395 1746 466 1798 Nam
477 1747 570 1802 Sullae
579 1755 667 1801 morte
678 1755 830 1817 comperta,
848 1749 930 1802 simul

141 1840 189 1893 spe
198 1838 287 1876 nouae
297 1822 491 1887 dissensionis,
501 1838 572 1890 quae
581 1839 631 1890 per
639 1824 679 1875 M.
690 1809 826 1890 Lepidum
837 1839 928 1876 move-

77 1945 80 1952 s
139 1901 237 1963 batur,
256 1897 373 1950 Romam
392 1912 509 1964 propere
522 1898 614 1950 rediit.
653 1898 690 1948 Et
703 1896 804 1965 Lepidi
820 1898 929 1966 quidem

140 1974 287 2036 societate,
298 1987 454 2040 quanquam
469 1973 576 2039 magnis
586 1973 792 2025 conditionibus
801 1973 928 2024 invitare-

139 2055 199 2112 tur,
215 2047 362 2110 abstineut,
376 2047 556 2114 tumingenio
566 2047 626 2098 eius
636 2047 756 2111 diffisus,
776 2053 835 2099 trun
851 2063 929 2100 oeca-

141 2124 228 2185 sione,
239 2136 321 2188 quam
331 2121 464 2174 minorem
475 2121 605 2188 opinione
616 2121 778 2173 offenderat.

195 2195 243 2247 lv.
265 2196 403 2261 Cetemm,
419 2197 574 2262 composita
584 2195 719 2248 seditione
730 2197 818 2260 civili,
831 2196 929 2250 Come-

140 2271 209 2324 lium
219 2269 403 2334 Dolabellam,
414 2270 624 2322 consularem-et
632 2268 824 2338 triumphalem
833 2271 928 2337 vimen

84 2349 104 2418 η*
142 2344 530 2414 repetrmdanunpostularit3
550 2345 743 2410 absolutoque,
754 2343 878 2396 Rhodum
888 2362 928 2397 se-

143 2421 239 2474 cedere
250 2420 355 2482 statut,
366 2419 440 2472 etad
451 2418 642 2469 declinandam
652 2417 794 2480 invidiam,
806 2423 832 2468 et
840 2424 871 2469 ut
881 2434 929 2486 per

142 2497 230 2549 otium
241 2511 275 2546 ac
282 2493 405 2561 requiem
414 2493 563 2560 Apollonio
573 2492 690 2555 Moloni,
702 2491 856 2542 clarissimo
865 2497 929 2546 trine

142 2569 252 2624 dicendi
260 2568 407 2634 magistro,
419 2581 531 2634 operam
541 2566 627 2618 daret.
665 2565 728 2616 Huc
738 2565 802 2616 dum
812 2563 929 2620 hibernis

718 2673 736 2716 ,
