1986 2960
214 131 466 184 cursuri-Nus.
501 130 578 182 GAP.
595 90 709 184 'ii—ii.
824 133 858 187 ⁹3

69 269 122 324 pue
142 251 326 322 frequentavit
337 255 489 319 maritime,
508 254 667 324 insulasque
682 256 857 324 Campaniae,

68 327 254 396 uut'pruximu
264 329 332 381 Urbi
343 329 458 399 oppida,
468 328 632 394 Lanuvium,
643 327 797 396 Praeneste,
808 333 856 384 Ti·

67 403 133 465 bur;
156 402 206 453 ubi
225 403 307 454 edem
326 404 356 454 in
375 403 527 470 porticibus
541 401 669 455 Herculis
688 401 784 471 tempii
796 409 856 473 perss

66 491 150 544 saepe
159 476 204 526 ius
214 475 293 528 dixit.
330 475 427 544 Ampie
442 482 468 529 et
483 491 601 544 operose
610 478 750 545 praetoris
759 492 855 544 greve·

65 551 159 602 bamur.
196 544 233 601 Et
241 550 330 617 neptis
341 551 449 619 quidem
460 565 526 603 suee
536 550 635 616 inlice,
649 545 761 620 profic
777 552 811 603 rib
822 565 856 604 ee

67 628 215 688 exstructa,
225 623 308 675 etiem
319 622 404 675 diruit
414 623 449 690 asi
459 624 562 676 solum:
581 639 632 676 sue
641 639 720 689 vcro,
731 627 855 694 quemvis

66 697 190 762 modice,
208 711 265 750 nou
273 703 331 749 tem
341 703 493 754 statuarum
502 698 712 766 tabularumque
720 699 855 766 picturum
890 745 896 752 .

67 776 176 835 ornatu,
188 785 270 840 quem
278 773 368 838 xystis
378 778 405 824 et
414 773 572 824 nemoribus
583 773 711 838 excoluit,
720 772 856 839 rebusque
955 829 959 836 ,

18 881 19 890 s
66 849 202 897 vetustate
212 858 245 897 ec
254 845 369 898 raritate
377 845 663 914 notabilibus3queiie
673 846 855 915 suntcupreis

65 918 225 970 immanium
237 918 380 970 beluarum
393 918 567 989 ferarumque
576 921 698 973 membru
706 935 854 988 praegran-

67 991 121 1057 dia,
133 1006 203 1060 quac
213 991 339 1044 dicuntur
351 991 497 1062 Gigantum
507 1008 573 1056 essa,
585 999 613 1046 et
622 1009 697 1046 urum
706 993 833 1046 lineum.

119 1064 247 1117 LXXIII.
266 1066 441 1119 iustrumenti
454 1068 513 1120 eius
531 1072 560 1119 et
572 1067 750 1134 supellectilis
765 1068 853 1135 persi-

66 1139 185 1192 simonie
205 1145 318 1206 apparet
337 1140 420 1192 etiem
439 1155 525 1205 nunc,
542 1141 659 1194 residuis
678 1140 757 1192 lectis
772 1145 854 1209 etque

66 1213 175 1278 mensis,
182 1227 298 1286 quorum
308 1214 438 1282 pleraque
447 1215 494 1266 rix
503 1213 853 1281 priruteecIegentiuesint.

66 1285 106 1340 Ne
116 1292 180 1340 toro
192 1287 301 1355 quidem
312 1288 437 1339 cubuisse
448 1287 533 1352 ciunt,
539 1287 594 1338 nisi
603 1285 700 1340 humili
710 1292 737 1339 et
746 1286 855 1341 modice

65 1363 193 1414 instrato.
231 1360 315 1414 Veste
333 1376 390 1413 nun
409 1367 511 1412 temere
531 1360 588 1411 ulia
607 1374 689 1428 quem
704 1359 857 1416 domesticu

65 1450 130 1488 usus
141 1441 196 1498 est,
211 1435 246 1486 eb
255 1449 343 1488 uxore
353 1441 381 1488 et
390 1448 486 1487 sorore
496 1438 524 1486 et
533 1433 592 1485 uite
601 1434 781 1503 neptibusque
792 1449 856 1488 con·

63 1508 151 1572 iecte3
175 1509 250 1577 togis
258 1524 347 1578 neque
360 1509 494 1562 restrictis
507 1522 595 1577 neque
609 1505 692 1570 insis3
713 1509 790 1564 ciero
805 1523 856 1563 nee

64 1583 123 1637 leto
134 1597 186 1635 uec
200 1589 329 1651 ungust03
354 1583 545 1636 calceamentis
561 1582 727 1648 altiuscuiis,
746 1589 780 1636 ut
791 1597 855 1652 pre-

65 1659 169 1722 cemur,
184 1671 266 1725 quem
276 1661 348 1722 eret,
361 1658 509 1710 videretur.
545 1656 582 1710 Et
594 1656 717 1710 lorensis
727 1663 818 1710 eutem
828 1661 856 1710 et

65 1731 175 1784 calceos
185 1746 323 1799 nunquam
332 1746 389 1784 non
398 1732 471 1784 intre
481 1729 635 1784 cubiculum
645 1729 754 1797 babuit,
765 1730 802 1794 ed
811 1746 855 1783 su·

63 1805 140 1858 bites
150 1805 360 1874 repentinosque
371 1819 450 1858 cesus
460 1811 567 1873 parete.

121 1877 248 1931 Lxxiv.
269 1880 473 1932 convivabatur
482 1880 601 1944 assidue,
611 1891 662 1932 nec
670 1891 791 1946 uuquam
799 1877 856 1930 nisi

65 1957 157 2016 reete3
175 1966 232 2004 non
246 1952 305 2005 sine
318 1967 418 2022 magne
434 1953 561 2007 ordinum
574 1951 769 2019 bominumque
783 1948 856 2004 dele·

66 2033 120 2079 ctu.
154 2024 288 2080 «Valerius
297 2027 420 2080 Messeis
432 2028 529 2092 trudit,
548 2027 682 2080 neminem
691 2037 811 2094 unquam
821 2023 855 2075 li·

64 2100 236 2154 bes-tinorum
247 2099 400 2154 edbibitum
410 2103 445 2154 eb
456 2117 489 2154 ec
504 2115 618 2167 coenae,
639 2104 752 2166 exceptu
762 2097 855 2162 Mens,

65 2176 114 2227 sei
126 2181 232 2226 asserto
242 2175 272 2225 in
281 2175 485 2243 ingenuitatem,
490 2181 555 2243 post
563 2173 702 2244 proditam
708 2171 770 2224 Sex.
775 2169 857 2224 Pom·

64 2249 122 2318 peii
133 2248 258 2300 classem.
296 2249 358 2318 lpse
367 2251 475 2313 scribit,
494 2248 618 2301 inuitasse
631 2245 808 2314 sequendum,
828 2243 857 2298 s'e

64 2322 142 2376 cuius
155 2321 217 2374 esve
230 2333 360 2387 maneret,
381 2323 428 2391 qui
439 2324 586 2390 speculum
599 2335 660 2372 suus
678 2319 739 2375 oiim
746 2319 855 2391 ficisset.

64 2396 202 2450 convivis
210 2410 405 2468 nonnunquam
419 2403 447 2449 et
459 2397 549 2450 serius
560 2395 661 2459 iuibet,
682 2399 710 2446 et
722 2394 857 2446 mutunus

62 2470 252 2540 relinquebam
276 2487 359 2541 quum
373 2470 503 2524 convivus
517 2475 545 2523 et
562 2483 678 2522 euenere
696 2468 857 2537 inciperent,

62 2545 227 2611 priusquam
235 2544 284 2598 ille
294 2545 484 2608 discumberet,
494 2550 522 2596 et
530 2541 856 2612 permanerenttiigresso

65 2633 109 2670 ec.
150 2617 271 2672 Coenum
280 2615 502 2683 umbraculis,
516 2623 576 2682 sut,
587 2631 670 2685 quum
681 2612 857 2668 ebsrndsntis·
