1992 2962
134 168 184 219 282
409 168 442 214 Ὁ.
464 166 650 243 suanam!

134 299 185 355 ter,
197 288 678 358 acelsonscinsetparticepsioret,
688 286 865 340 adhaerente.
890 288 937 342 lbi

134 365 239 429 mmsis,
255 365 304 434 qni
315 363 433 416 Galbam
443 370 471 416 et
483 362 614 415 Pisonem
623 362 806 426 trucidarent,
819 363 855 414 ad
866 379 935 415 con·

137 439 274 491 cillandos
285 437 538 507 pollicitationibus
546 437 664 488 militum
675 438 782 488 animos
791 435 863 488 nihil
873 453 935 488 ma·

135 515 178 580 gis
193 528 244 581 pro
260 512 392 564 concione
407 517 524 562 testatus
538 518 591 575 est,
603 525 685 580 quam
694 509 724 561 isi
732 511 834 562 demum
844 526 874 562 se
883 510 934 563 lsa-

137 587 260 650 iitaram,
272 585 342 652 quod
350 585 402 636 aits·
410 585 461 652 ipsi
469 583 642 651 reliquissent.

191 659 251 712 vll.
266 659 373 711 Deinde
382 666 510 726 vergente
519 659 575 710 iam
587 659 631 710 die
641 659 781 726 ingressus
792 665 932 724 senatum,

135 735 283 803 positaque
291 735 370 786 brevi
381 734 515 797 oratione,
523 734 608 801 quasi
616 739 713 800 raptus
724 733 757 783 de
767 733 892 799 publico,
905 742 936 785 et

135 809 275 876 suscipere
284 808 429 875 imperium
438 807 467 858 vi
477 813 603 871 coecus,
614 812 797 874 gesturusque
808 822 932 858 commu·
977 851 978 872 ,

134 883 165 934 ni
175 883 296 934 omnium
311 882 440 945 arbitrio,
451 879 590 932 Palatium
599 881 677 949 petit.
715 880 755 930 Ac
764 896 847 948 snper
858 889 932 933 cete·

134 971 181 1008 ras
190 955 388 1024 gratulantium
403 955 627 1023 adulantiumque
637 954 801 1018 blanditias,
816 954 852 1006 ab
866 955 932 1006 inll-

134 1043 180 1082 ma
199 1031 279 1099 plebe
298 1029 453 1098 appellatus
472 1025 552 1092 Nero,
572 1027 679 1080 nullum
697 1028 831 1080 indicium
849 1043 931 1081 recu·

135 1105 222 1156 santis
242 1104 334 1156 dedit:
363 1105 433 1167 imo,
453 1109 485 1154 ut
505 1101 616 1172 quidam
635 1102 821 1167 tradiderunt,
842 1103 930 1156 etiam

136 1178 334 1248 diplomatibus
352 1177 503 1248 primisque
517 1176 643 1246 epistolis
662 1176 721 1227 suis
740 1177 776 1228 ad
791 1177 930 1246 quosdam

134 1253 340 1321 provinciarum
353 1252 507 1320 praesides,
522 1249 641 1302 Neronis
652 1263 804 1318 cognomen
813 1251 928 1305 adiecit.

136 1327 215 1379 Certe
226 1333 254 1378 et
265 1327 399 1392 imagines
413 1332 575 1392 statuasque
589 1325 648 1377 eius
655 1325 756 1396 reponi
765 1339 864 1394 passus
875 1333 927 1392 est,

134 1407 163 1452 et
171 1406 366 1468 procuratores
377 1407 460 1467 atque
470 1399 584 1451 libertos
595 1399 630 1450 ad
639 1399 736 1452 eadem
747 1400 840 1452 officia
848 1415 928 1452 revo-

135 1475 216 1526 cavit.
231 1473 290 1526 Nec
300 1474 447 1542 quicquam
457 1474 534 1542 prius
544 1489 595 1542 pro
605 1479 743 1543 potestate
753 1474 927 1543 subscripsit,

135 1563 217 1616 quam
228 1548 400 1616 quingenties
410 1549 565 1600 sestertium
576 1549 611 1600 ad
621 1547 803 1617 peragendam
815 1563 929 1601 auream

134 1622 254 1674 domum.
293 1621 404 1672 Dicitur
417 1635 451 1672 ea
464 1629 546 1674 nocte
559 1638 608 1691 per
628 1623 747 1689 quietem
765 1622 928 1692 pavefactus

133 1695 251 1762 gemitus
270 1696 405 1746 maximos
425 1695 563 1758 edidisse;
583 1703 793 1764 repertusquea
812 1711 928 1749 concur-

133 1769 259 1822 santibus
273 1766 350 1820 humi
365 1775 426 1820 ante
437 1768 538 1820 lectum
551 1769 657 1836 iacens,
669 1786 718 1838 per
730 1771 822 1842 omnia
830 1773 927 1839 piacu-

132 1841 224 1895 lorum
233 1858 333 1912 genera
343 1857 436 1894 uranos
447 1841 586 1907 Galbae,a
596 1859 652 1913 qno
662 1845 805 1898 deturbari
814 1845 927 1914 expelli·

134 1934 188 1987 que
197 1933 226 1970 se
235 1917 351 1981 viderat,
363 1917 517 1986 propitiare
526 1925 659 1981 tentasse3
669 1919 804 1987 postridie
815 1935 927 1989 quoque

132 1993 162 2042 in
177 1992 338 2060 augurando
358 1996 521 2059 tempestate
536 1999 597 2044 orta
616 1994 737 2060 graviter
755 1993 926 2064 prolapsum,

132 2067 283 2120 identidem
303 2067 542 2118 obmurmurassa:
572 2064 605 2116 ili
623 2063 673 2134 γᾴρ
691 2083 737 2127 μοι
756 2065 800 2116 καὶ
816 2071 927 2135 μακροῖς

133 2135 250 2202 doulos&

188 2213 262 2267 Vlll.
283 2215 340 2267 Sub
350 2214 424 2267 idem
432 2227 498 2265 vero
512 2219 620 2281 tempus
631 2210 837 2266 Germaniciani
850 2228 927 2267 exer·

134 2288 206 2339 citus
215 2289 245 2340 in
254 2289 362 2341 Vitellii
370 2287 454 2340 verba
463 2288 598 2338 iurarent.
637 2288 720 2347 Quod
733 2295 766 2342 ut
779 2290 927 2357 comperit,

135 2367 233 2412 assetor
242 2364 351 2414 sensuri
359 2361 414 2414 fuit
423 2361 572 2412 mittendae
585 2361 745 2428 legationis,
761 2378 832 2432 qnae
846 2363 928 2416 doce-

91 2486 95 2494 ·
133 2439 189 2494 ret,
204 2433 320 2485 electum
333 2436 389 2486 iam
403 2434 567 2503 principem,
582 2436 700 2501 quietem
711 2444 739 2490 et
749 2436 927 2489 concordiam
957 2459 960 2468 ⁴
976 2471 980 2476 -

133 2505 271 2558 suaderet.
308 2507 346 2559 Et
354 2515 445 2558 tamen
455 2523 504 2575 per
514 2508 702 2560 internuncios
713 2525 745 2562 ac
755 2510 850 2563 literas
861 2526 926 2562 con-

132 2583 237 2627 sortem
245 2579 356 2647 imperii
364 2594 548 2646 generumque
558 2595 587 2634 se
596 2583 712 2642 vitellio
724 2585 834 2637 obtulit.
871 2584 926 2638 Ve-

63 2699 65 2706 ,
132 2659 207 2714 rum,
218 2647 292 2704 haud
305 2650 390 2704 dubio
404 2653 688 2718 cenomanensibus
701 2664 730 2713 et
743 2660 844 2730 copiis,
856 2673 927 2730 quas
