1986 2960
101 123 151 174 15⁰
380 129 406 172 o.
431 125 614 174 soaroun
679 96 682 100 ’

100 248 163 300 loco
173 247 272 310 movit3
292 245 439 322 prohibitis
449 264 498 317 per
508 248 623 300 militem
634 245 723 300 obviis
734 261 768 299 ac
776 249 891 302 matori-

99 321 150 371 bus
160 323 295 390 respicere
304 337 421 390 usquam
430 322 474 374 vel
484 322 641 374 consistere.

154 393 240 446 LXV.
261 395 390 448 Seianum
407 410 451 448 res
471 410 557 446 novas
575 394 745 458 molientem,
766 397 891 462 quamvis

96 468 153 517 iam
164 474 191 519 et
200 469 318 520 natalem
330 470 388 520 eius
398 469 507 536 publice
518 468 651 520 celebrari
661 474 688 520 et
697 469 832 535 imagines
842 485 889 522 au·

96 555 158 592 reas
170 541 225 593 coti
235 543 338 609 passim
348 542 512 606 videretvtn
522 542 674 606 tandem,et
684 547 747 592 astu
757 543 846 610 magis
856 559 890 596 ac

96 612 176 678 dolo,
197 629 279 683 quam
292 615 439 686 principali
452 616 623 666 auctoritate.
636 616 785 667 subvertit.
817 615 889 670 Nam

95 688 198 754 primo,
213 681 271 739 uta
281 704 311 741 se
320 705 369 756 per
378 689 496 756 speciem
506 687 620 740 honoris
631 689 792 753 dimitteret,
805 690 888 742 colle-

94 775 157 828 gam
169 762 224 812 sibi
234 763 382 829 assumpsit
391 763 419 814 in
431 762 526 830 quinto
534 762 695 839 eonstdatu,
711 777 791 829 quem
802 762 887 832 longo

94 833 240 886 intervallo
256 836 353 886 absens
370 835 405 886 ob
419 835 449 887 id
463 837 553 904 ipsuum
573 843 740 902 susceperat.
779 835 887 890 Deinde

95 923 143 974 spe
154 906 300 960 affinitatis
311 923 343 960 ac
352 909 516 961 tribuniciae
526 911 672 978 potestatis
684 910 834 978 deceptum,
845 912 886 964 in·

95 983 252 1047 opinantem
276 983 436 1034 criminatus
460 989 503 1034 est
523 983 651 1050 pudenda
675 982 886 1052 miserandaque

94 1055 234 1118 oratioue3
254 1069 336 1125 quum
350 1057 422 1109 inter
436 1056 492 1107 alia
505 1062 598 1123 patres
609 1057 782 1124 conscriptos
791 1071 884 1124 preca·

92 1135 179 1193 retur,
195 1130 332 1182 mitterent
346 1129 462 1182 alterum
476 1145 491 1182 e
505 1130 676 1195 consulibus,
692 1131 740 1199 qui
754 1145 845 1182 senem
855 1145 885 1182 sc

92 1209 120 1254 et
139 1202 228 1254 solum
241 1204 271 1254 ia
286 1209 460 1272 conspectum
474 1219 569 1256 eorum
585 1219 645 1255 cum
662 1204 755 1272 aliquo
770 1205 886 1256 militari

91 1275 231 1342 praesidio
242 1277 410 1344 perduceret.
449 1277 496 1330 Sic
506 1291 615 1346 quoque
626 1278 765 1340 diffidens,
785 1277 886 1330 tumui·

91 1355 203 1416 tumque
222 1351 497 1418 uretuens,;·Dmsum
512 1356 652 1419 nepotem,
674 1366 753 1418 quiem
767 1351 885 1404 virrctrlis
984 1411 985 1422 2

93 1421 182 1474 adhuc
192 1421 295 1475 Romae
306 1425 476 1489 continebat,
492 1425 575 1490 solvi,
591 1427 616 1476 si
626 1441 669 1478 res
680 1431 819 1492 posceret,
836 1425 885 1476 du·

92 1511 204 1563 centque
224 1499 355 1548 constitui
372 1506 562 1566 praeceperat3
591 1500 692 1565 aptatis
711 1500 794 1550 etiam
808 1500 885 1552 navi·
953 1547 957 1552 .

80 1569 194 1632 'bus‚ad
204 1586 379 1638 quascunque
389 1572 512 1639 legiones
522 1573 708 1624 meditabatur
716 1572 885 1641 fugamspe·

92 1643 261 1696 ctssabrmdus
272 1660 304 1696 ex
316 1646 450 1696 altissima
460 1662 527 1713 rupe
537 1646 685 1698 identidem
700 1647 791 1712 signa,
804 1661 884 1713 quae,

90 1731 124 1768 ue
134 1718 229 1768 nuncii
238 1725 418 1782 onerarentur,
426 1720 488 1771 tolli
498 1720 603 1789 procul,
609 1727 640 1770 ut
650 1718 769 1786 quidque
779 1717 884 1769 saraim

90 1789 171 1855 foret,
182 1792 368 1844 mandaverat.
398 1791 499 1845 Verum
510 1799 538 1846 et
548 1806 679 1860 oppressa
690 1791 883 1844 coniuratione

91 1863 186 1918 Seiani
203 1865 290 1918 nihilo
311 1867 434 1924 securior
454 1873 502 1919 aut
520 1865 702 1926 constantior,
722 1878 772 1930 per
783 1877 884 1918 novem

89 1940 232 2004 proximos
242 1955 348 1994 menses
358 1955 413 1992 non
424 1955 549 2008 egressus
560 1944 602 1991 est
614 1937 694 2000 villa,
715 1951 787 2005 quae
800 1953 883 1990 voca·

89 2012 227 2066 turlovis.

145 2086 244 2140 val.
264 2088 386 2142 Urebant
406 2089 519 2155 insuper
537 2085 647 2137 anxiam
667 2089 785 2136 mentem
803 2085 883 2136 varia

89 2159 210 2230 undique
221 2163 354 2227 convicia,
365 2161 441 2214 nullo
451 2177 507 2212 non
523 2160 714 2212 daumatonun
729 2173 809 2210 omne
819 2173 883 2226 pro·

89 2228 133 2294 bri
142 2248 228 2300 genus
239 2235 390 2300 caramuel
400 2250 448 2303 per
458 2233 568 2286 libellos
578 2235 607 2286 in
618 2231 882 2300 orchestrapositos,

87 2307 236 2372 ingerente.
267 2308 373 2370 Quibus
384 2308 493 2378 quidem
503 2307 687 2361 diversissime
698 2309 882 2360 afficiebatur:

89 2380 186 2444 modo,
206 2389 237 2432 ut
249 2397 316 2448 prae
330 2383 436 2450 pudore
449 2383 546 2450 ignota
557 2389 585 2434 et
595 2383 684 2435 celata
695 2389 793 2434 uincta
804 2397 883 2448 cupe-

88 2459 143 2514 ret;
167 2469 362 2522 nonnunquam
378 2457 472 2508 eadem
489 2462 685 2521 contemneret,
706 2461 734 2508 et
747 2455 885 2524 proferret

88 2525 161 2578 ultro
174 2535 255 2595 atque
265 2527 398 2593 vulgaret.
438 2529 512 2591 amn
522 2538 550 2583 et
559 2531 705 2593 Artabani,
716 2527 882 2580 Parthorum

87 2600 174 2665 regis,
195 2601 332 2653 lacerabis
347 2606 389 2651 est
402 2599 504 2668 literis,
525 2603 677 2673 parricidia
690 2605 718 2656 et
737 2601 835 2655 caedes
855 2607 883 2653 et
