1964 2970
151 105 183 157 ib
427 105 455 152 0·
479 105 667 154 SUETONll

151 204 200 280 aut
208 243 259 298 per
267 227 399 292 edictum,
414 226 489 281 ullos
498 227 615 278 militum
626 225 812 296 comtuilitonee
823 228 945 296 appelle·
971 254 972 286 ι

149 304 211 367 bat,
232 303 280 354 sed
295 301 404 354 militen:
423 316 457 352 ac
471 313 506 352 ne
521 316 538 352 a
554 301 620 352 liliis
630 299 739 369 quidem
751 308 799 352 aut
808 302 945 370 privignis
970 359 972 374 Α

149 377 221 440 suis,
235 377 353 444 imperio
368 375 516 444 praeditis,
531 374 612 427 aliter
622 374 757 443 appellari
771 391 870 443 passus
885 384 942 429 est:

149 451 323 505 ambitiosius
333 450 363 501 id
373 449 547 512 existimans,
568 463 651 517 quam
666 454 714 500 aut
727 451 801 500 ratio
811 449 943 502 militaris

149 530 197 576 aut
211 530 364 593 temporum
380 523 458 592 quies
474 528 523 573 arrt
536 537 588 574 cua
603 523 755 592 domusque
770 538 836 578 suae
856 526 942 576 meie-

117 635 120 650 ,
148 597 378 667 staspostularet,
417 595 876 668 [fibertinomilitmpraeterquam
886 597 942 650 Ro·

148 687 209 724 mae
223 672 412 724 incendiorum
428 685 526 735 cauea,
547 675 575 723 et
588 671 614 722 si
626 672 760 722 tumultus
774 672 804 722 in
813 673 943 739 graviore

149 761 259 798 annone
273 750 451 808 metueretur,
471 745 516 796 bis
530 760 597 796 usus
612 751 667 796 est:
687 744 772 796 semel
787 745 822 797 ad
836 748 943 814 praeei-

149 821 224 872 dium
235 819 420 883 coloniarum,
436 818 577 886 illyricum
593 819 822 887 contingentium
841 821 944 873 iterum

149 894 185 944 ad
199 893 314 946 tutelam
329 894 406 962 ripae
417 889 506 946 Rheni
519 893 652 946 fluminis:
672 908 775 962 eosque
789 909 884 946 servos
895 895 944 946 ed-

149 966 217 1033 hnc,
236 968 304 1019 viris
318 967 481 1037 feminisque
496 969 734 1038 pecuniosioribus
753 968 888 1033 indictos,
910 984 945 1022 ac

149 1043 208 1094 sine
227 1057 307 1096 mora
325 1043 522 1107 manumissos,
543 1044 593 1094 snb
613 1043 705 1110 priore
719 1042 821 1094 vexillo
836 1042 944 1107 babuit,

149 1132 238 1188 neque
248 1123 297 1169 aut
306 1117 470 1169 commixtos
481 1132 541 1168 cum
551 1117 686 1184 ingenuis,
694 1122 742 1167 aut
751 1117 847 1169 eodem
857 1117 944 1170 modo

150 1198 282 1244 armatos.
321 1191 404 1243 Dona
418 1191 566 1254 militaria,
587 1191 729 1259 aliquanto
750 1189 861 1242 facilius
876 1190 945 1260 pha-

150 1267 236 1330 letas,
252 1272 379 1334 torques,
395 1271 423 1317 et
433 1265 564 1335 quicquid
576 1279 643 1317 anro
655 1270 823 1333 argentoque
834 1276 945 1319 consto-

81 1399 86 1408 ,
151 1346 201 1404 ret,
214 1355 296 1409 qrram
305 1340 424 1393 vallares
435 1355 469 1392 ac
478 1339 598 1392 murales
609 1354 740 1426 coronae,
757 1355 828 1407 qnae
838 1339 946 1393 honore

150 1413 360 1482 praecellerent,
376 1407 827 1483 dabat:.hasqua1uparcissime,
848 1416 946 1468 eterne

152 1489 315 1551 ambitione,
341 1503 374 1539 ec
398 1503 480 1556 saepe
500 1489 583 1540 etiam
609 1487 736 1555 caligatis
758 1489 865 1540 tribuit.
904 1489 956 1541 M.-

150 1562 318 1629 Agrippam·
310 1561 441 1613 rnSieilia
451 1568 516 1629 post
524 1562 649 1614 navalem
659 1563 805 1614 victoriam
816 1564 945 1616 caeruleo

150 1635 252 1687 vexillo
272 1635 394 1686 donavit.
433 1633 515 1687 Solos
533 1634 725 1704 triumphales,
746 1652 902 1707 quiunquam
918 1651 948 1690 et

151 1710 244 1761 socios
259 1709 464 1777 expeditionum
479 1716 507 1762 et
521 1711 670 1778 participes
683 1711 861 1764 victoriarum
882 1728 946 1764 erra-

150 1799 224 1848 rum,
245 1798 384 1851 nunquam
404 1784 485 1836 donis
503 1784 703 1854 impartiendos
722 1787 843 1854 putavit3
869 1789 947 1854 quod

150 1859 206 1926 ipsi
216 1873 325 1928 quoque
335 1858 379 1909 ius
388 1855 549 1911 habuissent
558 1859 697 1912 tribuendi
707 1874 753 1924 ea,
774 1861 873 1928 quibua
889 1863 947 1912 vel-

150 1933 216 1986 lent.
254 1930 333 1984 Nihil
342 1939 433 1985 autem
443 1934 533 1986 minus
542 1934 572 1985 in
581 1933 704 2022 perfecto
715 1933 797 1999 (luce,
813 1949 894 2002 quam
906 1936 947 1988 ie-

151 2007 328 2060 stinationem
342 2007 577 2077 temeritatemque
592 2008 736 2060 convenire
747 2010 946 2062 arbitrabatur.
967 2061 973 2072 ,

152 2071 563 2150 Crebroitaquelllaiaetabat:
583 2079 687 2132 aare&
696 2082 827 2149 βραδέως]
848 2091 876 2136 et

181 2184 353 2255 ssepaiic'
321 2206 371 2256 γαρ
382 2183 457 2239 tei’
442 2187 561 2248 αμιίνων,
570 2207 587 2254 η
576 2183 699 2257 ’θρασὺς
709 2186 899 2260 στρατηλάτης

152 2309 192 2366 et,
207 2313 250 2356 act
263 2298 381 2357 celeriter
387 2304 466 2375 fieri,
483 2303 741 2374 quicquidfictralir
752 2309 821 2360 leue
861 2307 949 2363 Proe-

151 2377 219 2430 lium
229 2378 338 2446 quidem
350 2379 507 2431 autbellum
518 2381 720 2448 suscipiendum
734 2384 846 2436 omnino
862 2399 948 2452 nogu-

151 2453 213 2515 bot,
224 2452 280 2504 nisi
290 2469 373 2521 quum
383 2454 473 2505 maior
482 2453 659 2507 emolumenti
655 2473 746 2528 spes,
758 2473 840 2526 quam
851 2458 950 2511 donini

151 2535 239 2578 metm
250 2527 446 2581 ostenderetur.
485 2527 556 2578 Nam
571 2528 680 2581 minima
690 2533 824 2584 eonemodo
835 2549 889 2586 neu
898 2535 949 2585 mi-

152 2601 222 2654 m'mo
232 2609 360 2655 sectantes
375 2600 524 2656 dieerimiue
533 2600 630 2656 timaee
640 2605 733 2658 aiebat
743 2622 796 2660 eree
807 2623 889 2662 aureo
899 2607 950 2662 lm·
