1992 2962
50 94 57 103 ’
114 109 186 188 ¹18⁶
414 113 440 157 c.
464 109 650 158 sunrourr

134 248 247 297 summa,
263 227 762 301 seducanturnusqoamaliassas‘sset,
783 229 930 297 quasdem

122 305 660 364 ,omniumbomioamdonsisslraberent.

188 380 313 433 XLVlll.
333 375 413 430 Prius
424 393 504 446 quam
515 377 658 448 provincia
668 375 822 441 decederet,
835 378 928 429 consi-

133 455 199 506 liom
210 455 273 505 iniit
282 452 417 505 nefandae
430 452 599 515 atrocitatis,
619 450 753 517 legiones,
775 465 846 517 quae
860 457 928 518 post

133 543 273 581 excessum
278 526 394 593 Augusti
403 525 565 577 seditionem
576 524 643 575 olim
653 530 802 588 moverant,
813 531 926 576 contru-

134 601 258 662 cidandi3
278 593 353 667 qudd
366 604 394 652 et
408 604 512 665 patrem
523 614 602 650 suum
613 597 806 648 Germanicum
816 595 925 662 ducem,

132 681 160 726 et
178 689 220 738 se,
240 672 372 724 infantem
390 678 467 735 tuuc,
489 671 668 724 obsedissent.
706 670 814 738 Vixque
835 677 926 722 atam

131 747 277 816 praecipiti
291 746 459 812 cogitatione
473 751 629 808 revocatura,
649 742 770 795 inhiberi
781 743 858 796 nullo
874 759 924 810 po·

130 823 185 874 tuit
195 820 287 883 modo,
299 820 365 886 quin
375 819 510 871 decimare
520 818 590 873 velle
599 822 793 886 perseveraret.
830 816 923 868 Voca-

101 933 106 946 .
130 901 174 947 tas
184 894 277 960 itaque
288 892 324 944 ad
334 893 493 944 concionem
502 893 628 955 inermes,
635 897 716 958 atque
726 891 810 942 ctiam
818 890 922 958 gladiis

131 967 276 1036 depositis,
291 966 415 1033 equitatu
425 971 531 1034 armato
543 963 729 1017 circumdedit.
769 963 823 1016 Sed
838 959 939 1032 qurrm'

129 1041 248 1104 rideret,
269 1046 395 1106 suspecta
409 1055 439 1090 re
449 1038 595 1105 plerosque
606 1037 693 1089 dilabi
704 1037 739 1088 ad
749 1038 921 1102 resumenda,

129 1115 156 1167 sl
166 1129 221 1182 qua
230 1115 272 1165 vis
282 1115 366 1176 tieret,
378 1127 463 1176 arma,
473 1111 598 1179 profugit
608 1111 753 1175 concione,
765 1109 922 1162 confestim·

130 1203 183 1256 que
198 1189 297 1241 Urbem
313 1187 405 1253 petiit,
425 1185 531 1238 deflexa
546 1185 621 1237 omni
635 1185 783 1236 acerbitate
797 1185 827 1236 iu
842 1199 923 1246 seua·

129 1262 246 1326 tum,cui
259 1261 295 1312 ad
305 1259 466 1314 avertendos
475 1265 613 1311 tantorum
624 1257 787 1310 dedeconrm
797 1273 924 1313 mmores

129 1335 222 1402 polam
236 1329 406 1397 minabatur3
427 1349 541 1402 querens
555 1333 626 1384 inter
641 1338 744 1396 cetera,
763 1330 925 1384 fraudatum
988 1379 990 1402 ‹

130 1425 160 1459 so
169 1408 242 1459 lusto
253 1405 401 1475 triumpho,
413 1422 495 1474 quum
504 1408 564 1474 ipse
574 1405 668 1474 paullo
679 1411 755 1469 ante,
765 1405 876 1475 nequid
888 1406 923 1459 de

129 1479 281 1534 bonoribus
292 1481 349 1534 suls
360 1487 498 1550 ageretur,
514 1482 597 1536 etiam
607 1480 657 1534 sub
668 1480 765 1533 mortis
775 1494 865 1547 poena
875 1479 922 1533 de·

128 1555 293 1607 nunciasset.
584 1595 587 1602 r

184 1627 285 1680 xiix.
305 1628 403 1681 Aditus
412 1643 477 1696 ergo
492 1630 522 1681 ln
534 1629 633 1682 itinere
648 1628 773 1700 elegatis
784 1627 922 1696 amplissi-

130 1703 169 1756 mi
179 1702 297 1766 ordinis,
312 1703 344 1753 'ut
353 1708 515 1767 maturaret,
532 1703 688 1768 orantibus,
709 1702 922 1771 quammaxima

129 1790 206 1840 voce,
222 1773 340 1839 Veniam,
351 1777 449 1842 lnquit,
459 1777 570 1840 ueniam,
581 1786 609 1830 et
617 1776 661 1829 bic
670 1792 781 1840 meeum,
793 1773 922 1841 capulum

130 1849 219 1920 gladii
232 1850 328 1902 meliro
348 1851 507 1915 verberans,
530 1865 584 1917 qno
600 1851 704 1902 cinctum
718 1856 786 1903 erat.
825 1847 922 1900 Edixit

130 1931 167 1988 et,
178 1923 275 1979 reverti
283 1940 318 1988 se,
330 1923 541 1986 serietatem,
554 1923 601 1991 qui
609 1931 743 1992 optarent,
755 1921 870 1990 equestri
877 1937 921 1974 or-

131 1997 189 2050 dius·
202 2005 230 2052 et
238 1999 350 2068 populo:
372 2013 435 2050 nam
452 2014 479 2050 se
494 2013 576 2065 aeque
589 1998 669 2050 civem
682 2013 765 2064 neque
773 1995 924 2063 principem

63 2077 66 2084 '
131 2071 431 2143 smatoiamplicssore.
469 2071 565 2124 Vetuit
578 2073 923 2138 etiamquemquamseua-

130 2153 223 2200 tonum
233 2147 288 2198 sibi
298 2161 454 2198 occurreret
470 2151 552 2211 atque
562 2145 664 2197 omlsso
676 2145 720 2196 vel
730 2145 816 2196 dilato
826 2143 923 2198 trium·

131 2217 187 2287 pbo
199 2233 284 2271 orans
294 2220 393 2271 Urbem
404 2219 492 2270 natali
501 2234 552 2269 suo
563 2219 702 2285 ingressus
713 2225 763 2270 est.
791 2217 924 2284 Intraque

132 2299 259 2360 quartum
269 2309 386 2346 mensem
397 2293 492 2360 periit,
512 2292 635 2359 ingentia
644 2291 770 2344 facinora
780 2305 878 2354 ausus,
895 2295 925 2342 et

131 2366 274 2431 aliquanto
290 2367 397 2418 maiora
410 2365 535 2420 moliens.
574 2365 715 2435 Siquidem
729 2369 923 2433 proposuerat,

131 2437 254 2502 Antium,
275 2439 373 2491 delude
383 2435 576 2494 Alexandriam
587 2441 780 2506 commigrare,
794 2439 923 2490 interem-

130 2517 180 2580 pto
210 2511 286 2576 prius
310 2513 453 2578 utriusque
479 2513 584 2564 ordinis
609 2513 773 2565 electissimo
802 2523 922 2578 quoque.

132 2583 923 2654 Quodnecncubiumvideetm,lnsecretiseinsrepertt
