1964 2970
111 155 115 161 ,
167 93 443 166 ιοστΑνιΑΝυε.
479 96 693 146 carm-m.
804 96 837 150 os

48 239 86 276 mo
95 219 274 290 uberrumi,
296 217 369 271 ratur
387 215 494 286 abrupti
506 219 628 272 mertuum
641 191 713 274 nullu
726 231 839 290 captura

42 295 252 366 pensaripomt.

97 400 201 456 XXVI.
221 389 403 468 Magistrems
419 406 502 469 atque
517 399 636 484 hqnores
651 408 680 454 et
694 409 756 470 ante
770 410 837 456 tem-
890 425 893 433 ·

45 480 108 548 pus,
129 482 158 529 ct
173 475 308 545 quosdam
323 476 389 526 noui
407 473 515 542 generis
535 472 736 546 perpetuosque
757 479 837 546 cepit.

48 551 227 606 consulatum
237 549 368 600 vicesimo
380 549 479 600 aetatis
496 550 567 602 anno
582 550 697 615 invasit,
718 551 837 603 admotis

45 625 185 680 hostiliter
195 623 231 674 ad
240 623 341 675 Urbem
356 623 526 690 legionibus,
545 624 704 692 missisque,
725 627 773 695 qui
783 627 839 677 sibi

45 702 155 754 nomine
171 697 308 750 exercitus
323 696 513 765 deposcerent:
534 711 615 767 quum
628 699 752 766 quidem,
774 715 839 750 erm·

46 782 136 829 ctante
146 777 259 836 senatu,
276 771 418 823 Cornelius
433 773 570 836 centurio,
584 769 711 843 princeps
721 774 836 844 legatio-

44 851 95 915 nis,
106 849 211 901 reiecto
222 846 334 914 sagulo,
356 847 501 898 osteudens
515 845 603 914 gladii
618 849 759 916 capulum,
780 865 837 901 non

47 925 201 978 dubitasset
209 921 239 972 in
249 921 326 972 curia
337 919 440 972 dicere:
459 919 614 991 Hirfueiet,
625 921 650 972 ci
657 922 837 994 perfeceritis

45 1015 95 1051 vor.
135 995 289 1048 Secundum
302 994 655 1067 consulatumfflpostnovem
666 1011 767 1062 annos,
783 1004 837 1050 ter·

45 1075 112 1125 tium
127 1085 201 1122 anno
217 1069 360 1120 interiecto
374 1070 472 1136 gessit3
493 1076 636 1138 sequentes
645 1086 732 1138 usque
743 1072 778 1123 ad
788 1087 837 1122 un-

47 1147 180 1200 decimum
192 1143 375 1196 continuavit:
395 1142 543 1212 munitisque
553 1159 631 1208 mox,
652 1160 735 1213 quum
750 1144 837 1197 deier-

44 1228 146 1284 rentur,
153 1214 297 1280 recusatis,
305 1217 495 1268 duodecimum
506 1231 616 1284 magno,
627 1217 656 1268 ld
666 1223 716 1282 est,
723 1224 837 1286 septem·

46 1295 133 1348 decim
153 1307 286 1344 annorum
305 1291 467 1354 intervallo,
487 1297 515 1342 et
532 1304 627 1342 rursus
640 1293 751 1344 tertium
765 1293 838 1345 deci·
875 1335 877 1338 ,

45 1385 116 1421 mum
125 1366 240 1419 biennio
255 1372 319 1434 post
331 1365 406 1417 ultro
416 1364 509 1434 petiit,
530 1371 561 1414 ut
572 1365 668 1416 Caiu'm
683 1372 711 1419 et
719 1365 836 1420 lurcium

45 1445 117 1496 lilios
132 1440 304 1509 amplissimo
322 1438 464 1509 praeditus
483 1439 662 1506 magistratu,
680 1457 730 1495 suo
742 1434 837 1513 'quem-

45 1535 97 1590 que
105 1515 240 1569 tirocinio
251 1513 435 1566 deduceretin
449 1511 551 1573 iorum
590 1513 716 1584 Quinque
730 1519 837 1570 medios

44 1592 219 1653 consulatus,
241 1603 258 1639 a
271 1594 349 1641 sexto
365 1588 400 1640 ad
414 1587 601 1654 undecimum,
623 1604 728 1643 annuos
738 1593 836 1660 gessit3

44 1673 153 1721 eeteros
164 1671 333 1727 autnovem,
349 1667 468 1727 autsex,
484 1668 533 1713 aut
542 1671 675 1732 quatuor,
691 1671 739 1717 aut
748 1667 837 1720 tribus

41 1740 196 1795 mensibus:
217 1738 439 1790 secundumvero
453 1738 628 1805 paucissimis
643 1738 728 1792 horis.
767 1740 838 1791 Nam

8 1823 9 1826 ’
42 1817 88 1869 die
97 1813 288 1866 Kalendarum
297 1812 432 1875 ianuarii,
454 1827 536 1879 quum
551 1828 631 1865 mane
646 1830 696 1882 pro
708 1813 776 1866 aede
787 1815 838 1864 Ca·

41 1888 158 1959 pitolini
175 1887 249 1939 lovis
268 1886 420 1955 paullulum
445 1885 534 1937 curuli
557 1887 627 1938 sella
645 1888 837 1955 praesedisset,

42 1963 150 2017 honore
171 1962 252 2025 abiit,
278 1959 395 2012 suffecto
416 1960 473 2012 alio
494 1961 523 2011 in
543 1961 634 2013 locum
654 1977 742 2012 suum.
780 1961 839 2014 Nec
892 1977 897 1986 ¹·

44 2053 140 2091 omnes
159 2035 277 2099 Romae,
302 2035 350 2086 sed
375 2040 502 2103 quartum
522 2036 694 2088 consulatum
713 2036 743 2087 in
762 2036 837 2101 Asia,

43 2114 169 2182 quintum
180 2113 213 2162 in
223 2107 315 2162 insula
325 2107 422 2174 Sarno,
443 2113 570 2162 octauum
584 2115 611 2163 et
624 2124 727 2162 nonum
737 2107 838 2162 Tarra-

43 2185 205 2254 cone,iniit.
247 2225 253 2234 ,

95 2300 215 2356 xxvn.
227 2299 442 2352 Triumuiratum
452 2300 620 2368 reipublicae
631 2301 839 2357 constituendae

41 2377 201 2447 perdecem
215 2389 304 2426 annos
318 2373 532 2427 administravit:
552 2376 581 2430 in
596 2389 652 2444 quo
665 2377 769 2428 restitit
779 2377 838 2446 qui-

42 2453 103 2504 dem
118 2448 294 2520 aliquamdiu
307 2447 433 2516 collegis,
453 2463 487 2499 ne
502 2463 557 2517 qua
570 2449 648 2501 fleret
660 2452 837 2520 proscriptio,

41 2527 88 2580 red
102 2527 244 2594 inceptam
260 2529 379 2590 utroque
399 2523 524 2574 acerbius
544 2525 673 2576 exercuit.
712 2525 838 2592 Namque

39 2601 98 2654 illis
107 2601 138 2654 in
148 2599 301 2653 multorum
311 2610 393 2665 saepe
402 2610 548 2664 personam
558 2613 607 2668 per
616 2597 736 2668 gratiam
746 2604 837 2667 etpre-
