1986 2960
136 271 141 278 ,
217 169 473 254 ocrnvrauus.
509 205 720 252 caras-aa.
831 202 867 254 er
934 261 937 269 q

70 329 143 382 etde
153 328 259 393 vesica,
280 329 358 381 euim
368 325 480 392 dolore,
501 323 616 380 calculis
631 327 739 378 demum
752 341 802 396 per
810 329 866 380 nri·

67 419 134 456 nam
145 403 250 466 eiectis,
262 403 414 454 levabatur.

126 476 254 528 LXXXI.
276 475 381 528 Graves
396 481 424 528 et
437 475 609 544 periculosas
627 473 800 526 valetudines
817 491 867 542 per

67 567 179 605 omnem
193 552 279 602 vitam
293 551 403 619 aliquot
415 558 543 619 expertus
558 555 613 612 est3
632 549 779 617 praecipue
795 549 864 601 Gan·

66 627 163 678 tabria
173 625 287 690 domita,
299 641 382 694 quum
393 626 488 689 etiam,
500 623 729 676 distillationibus
739 623 864 676 iocinore

66 701 183 763 vitiato,
205 700 241 752 ad
255 701 474 768 desperationem
492 699 633 762 redactus,
655 698 821 749 contrariam
836 705 865 749 et

67 773 219 841 ancipitem
228 775 364 826 rationem
374 773 502 828 medendi
511 773 667 824 necessario
679 771 776 836 subiit,
798 773 864 840 quia

67 848 163 918 calida
175 847 299 900 fomenta
314 861 370 898 non
387 848 549 915 proderant,
568 845 679 913 frigidis
694 845 784 898 curari
800 861 863 898 coa-

68 915 143 984 otus,
159 927 273 990 auctore
282 921 402 972 Antonio
410 921 503 976 Musa.
521 979 528 994 ι
543 921 682 982 Quasdam
698 927 726 972 et
740 920 864 972 anniver-

67 995 159 1046 sarias
179 1009 213 1047 ac
231 1001 354 1066 tempore
374 1001 449 1048 certo
474 1001 643 1048 recurrentes
663 995 864 1062 experiebatur.

67 1069 141 1122 Nam
151 1070 202 1121 sub
212 1070 332 1123 natalem
343 1085 420 1120 suum
431 1067 590 1138 plerumque
600 1069 760 1137 languebat;
776 1074 804 1120 et
812 1070 864 1120 ini-

66 1144 108 1195 tio
119 1144 193 1206 veris
203 1143 429 1214 praecordiorum
438 1143 582 1195 inflatione
591 1144 758 1207 tentabatur,
765 1143 864 1198 austri·

68 1219 111 1275 nis
122 1223 214 1270 autem
224 1218 432 1285 tempestatibus
443 1218 598 1285 gravedine.
629 1217 721 1278 Quare
732 1221 863 1286 quassato

69 1306 186 1360 corpore
196 1307 285 1360 neque
298 1291 405 1370 frigora
418 1307 506 1358 neque
521 1296 613 1342 aestus
622 1291 705 1342 facile
715 1290 863 1342 tolerabat.

122 1365 264 1416 LXXXII.
279 1365 377 1418 Hieme
388 1367 600 1434 quaternionum
610 1365 706 1432 pingui
715 1370 782 1431 toga
791 1365 863 1433 tuni·

69 1441 117 1504 eis,
128 1445 157 1491 et
166 1440 217 1490 sub
229 1439 363 1491 subucula
375 1437 490 1490 thorace
503 1439 597 1502 laneo,
613 1445 640 1490 et
649 1437 825 1497 feminalibus
837 1445 865 1491 et

66 1513 213 1565 tibialibus
225 1509 412 1576 muniebatur3
433 1518 538 1564 aestate
548 1513 655 1579 apertis
666 1513 786 1564 cubiculi
795 1511 863 1565 lori-

66 1587 128 1652 bus,
136 1602 170 1638 ao
179 1601 262 1654 saepe
271 1588 301 1638 in
311 1588 457 1656 peristylio
469 1587 584 1638 saliente
595 1601 676 1655 aqua,
687 1593 769 1655 atque
778 1589 862 1640 etiam

66 1661 219 1714 ventilante
229 1661 333 1730 aliquo,
340 1662 468 1714 cubabat.
480 1661 554 1714 Solis
564 1677 628 1713 vero
640 1677 674 1714 ne
684 1659 792 1713 hiberni
803 1664 862 1731 qui-
892 1707 895 1711 .

67 1735 130 1787 dem
140 1735 262 1802 patiens,
273 1736 350 1788 domi
360 1752 469 1806 quoque
479 1736 591 1804 nonnisi
600 1742 741 1804 petasatus
752 1738 802 1788 sub
814 1737 861 1790 dio
885 1749 888 1758 ’

66 1809 251 1879 spatiabatur.
288 1809 391 1862 Itinera
400 1811 512 1878 lectica,
524 1817 555 1862 et
560 1812 688 1862 noctibus
697 1810 764 1875 lere,
775 1823 863 1879 eaque

66 1883 143 1935 lenta
153 1898 187 1934 ae
196 1885 302 1936 minuta
311 1884 443 1948 faciebat,
463 1891 495 1936 ut
505 1885 652 1937 Praeneste
664 1879 709 1938 vel
719 1885 807 1937 Tibur
820 1885 862 1938 bi·

66 1955 125 2010 dua
139 1957 308 2024 procederet.
345 1959 384 2010 Ac
398 1961 423 2010 si
436 1975 491 2027 quo
510 1961 650 2028 pervenire
668 1959 740 2010 mari
758 1965 862 2027 posset,

65 2031 165 2100 potius
172 2033 330 2099 navigabat.
368 2032 471 2084 Verum
483 2039 588 2084 tantam
603 2033 790 2084 infirmitatem
796 2049 862 2099 qma·

66 2119 122 2173 gna
133 2119 200 2156 cura
208 2107 350 2170 tuebatur,
370 2105 399 2158 in
413 2107 509 2176 primis
523 2106 635 2159 lavandi
644 2107 769 2158 raritate.
806 2109 862 2160 Un-

66 2181 186 2247 gebatnr
195 2181 268 2232 enan
278 2181 400 2248 saepius,
413 2187 461 2232 aut
470 2181 589 2233 sudabat
599 2181 634 2232 ad
645 2180 795 2244 flammam
816 2181 861 2235 de·

66 2253 131 2305 inde
141 2253 358 2320 perfundebatur
368 2255 475 2322 egelida
489 2269 573 2324 aqum
593 2254 638 2307 vel
651 2251 711 2307 sole
724 2254 811 2310 multo
822 2262 861 2310 te·

65 2327 188 2396 pefecta.
226 2327 262 2378 At
276 2331 385 2396 quoties
399 2344 545 2382 nervorum
560 2329 768 2382 concamarlnis
777 2331 861 2396 Albu-

64 2403 158 2469 lisque
168 2393 267 2454 calidrs
276 2403 406 2455 utendum
417 2409 501 2468 esset,
523 2409 668 2456 contentus
675 2401 729 2472 hoo
743 2411 815 2472 erat,
829 2413 862 2459 ut

64 2474 193 2528 inbidens
202 2476 295 2543 ligneo
306 2478 389 2543 sollo,
402 2471 476 2546 quod
483 2479 544 2546 ipse
554 2477 709 2546 Hispanico
718 2481 803 2534 verbo
814 2479 861 2534 da·

64 2558 154 2603 ratam
162 2552 291 2616 vocabat,
303 2565 400 2604 manus
411 2567 444 2604 aa
452 2553 536 2619 pedes
547 2551 660 2604 alternis
669 2552 795 2608 iactaret.

122 2622 277 2676 LXXXlll.
301 2626 521 2679 Exercitationes
544 2625 709 2695 campestres
729 2643 862 2697 equorum
888 2689 890 2694 ,

65 2704 94 2750 et
103 2712 246 2751 annornm
256 2702 349 2764 statim
359 2707 424 2771 post
433 2700 527 2754 civilia
535 2701 610 2754 bella
620 2701 727 2768 omisit,
738 2709 767 2756 et
776 2702 812 2755 ad
820 2703 862 2774 pi·

99 2791 247 2841 Surnor.
635 2793 657 2839 G
