1992 2962
91 171 140 224 262
366 173 392 221 C.
416 171 607 222 SUETONH

89 295 115 348 sl
125 307 180 362 qua
189 294 270 362 paria
279 293 390 363 longius
399 295 598 360 recessissent,
589 309 618 346 ιιι
628 293 747 348 medium
757 271 887 350 manilius

90 370 149 422 suis
163 367 336 437 protrahens.
374 359 569 420 Destinaverat
583 369 678 434 etiam,
699 371 765 437 quia
773 370 887 436 Apolli-

88 457 150 495 nem
166 450 259 507 cantu,
276 443 368 495 Solem
383 443 534 512 aurigando
551 443 731 510 aequiparare
746 446 887 496 existima-

88 525 176 582 retur,
195 517 300 568 imitari
320 521 347 568 et
360 517 591 578 Herculiskiaota.
630 516 892 586 Praeparatumque¹

42 617 47 622 ·
88 590 196 644 leonem
207 593 292 655 nitunt,
299 607 378 658 quem
387 591 432 643 vel
442 591 568 643 clevavel
579 589 755 643 brachiorum
765 593 884 645 nexibus

86 661 884 733 inamphitheatriarenaspeotantepopulonuduselideret.

144 737 216 789 LlV.
238 738 294 790 Sub
305 740 380 790 exitu
391 739 501 807 quidem
514 740 588 790 vitae
602 739 835 808 palam—voverat,
856 742 885 792 si
916 799 920 806 ¹
942 739 946 742 ’

89 813 143 865 sibi
157 811 304 864 incolumis
324 819 412 864 status
432 811 638 885 permansisset,
659 815 833 880 proditurum
852 831 884 867 se

88 887 327 952 partaerictoriue
338 887 423 952 ludis,
439 889 522 939 etiam
532 885 709 953 hydraulam,
729 895 757 939 et
767 887 885 940 chorau-

46 1001 51 1012 .
88 959 156 1025 laur,
178 967 205 1012 et
214 961 417 1026 utricularium
439 977 472 1012 ac
485 961 636 1013 novissimo
653 962 697 1014 die
710 955 884 1029 histrionem,

88 1035 307 1101 saltaturumque
323 1033 437 1102 Virgilii
452 1035 584 1086 Turnum
622 1035 658 1088 Et
678 1043 741 1087 sumt
761 1037 809 1104 qui
827 1045 884 1088 tra-

88 1107 167 1173 dant,
182 1107 310 1160 Paridem
320 1107 481 1162 histrionem
493 1110 613 1162 occisum
624 1110 659 1168 ab
670 1125 717 1175 eo,
733 1111 812 1179 quasi
822 1126 885 1179 gra·

87 1182 355 1235 vemsdrersarium.
906 1218 909 1222 -

144 1255 204 1308 LV.
224 1255 292 1308 Erat
310 1258 354 1308 illi
374 1258 545 1310 aeternitatis
568 1263 770 1326 perpetuaeque
793 1257 886 1314 famae

89 1330 200 1398 cupido,
212 1331 260 1381 sed
269 1332 435 1384 inconsulta.
474 1333 595 1401 Ideoque
604 1333 698 1384 multis
707 1334 789 1385 rebus
799 1349 834 1384 ae
843 1333 886 1386 lo-

90 1405 143 1468 eis,
163 1409 253 1463 vetere
264 1407 451 1471 appellatione
462 1407 597 1473 detracta,
618 1415 718 1459 novam
731 1407 841 1459 induxit
850 1421 887 1460 ex

89 1494 140 1530 suo
161 1479 281 1530 nomine.
319 1479 441 1532 Mensem
462 1497 577 1551 quoqne
594 1481 715 1548 Aprilem
735 1480 886 1534 Neroneum

90 1552 249 1622 appellavit.
284 1551 478 1618 Destinarerat
491 1562 519 1607 et
527 1555 643 1609 Romam
653 1553 804 1624 Neropolim
816 1565 885 1627 nima

91 1642 201 1694 cupere.
981 1639 982 1646 ’

146 1699 219 1753 LVI.
230 1700 405 1769 Religionum
415 1717 611 1773 usquequaque
622 1710 887 1772 contemptor,prae·

90 1783 134 1828 ter
151 1777 233 1828 unius
254 1776 444 1846 deae-Syriae.
475 1778 564 1829 Hanc
583 1793 648 1830 mox
667 1781 708 1834 ita
722 1781 836 1846 sprevit,
855 1784 889 1832 ut

40 1861 44 1868 ·
91 1852 174 1902 urina
184 1851 391 1916 contaminaret,
404 1851 461 1902 alia
470 1853 667 1919 superstitione
677 1860 781 1921 eaptus,
792 1854 821 1904 in
832 1867 889 1920 qua

92 1923 396 1994 sola'pertinacissime
420 1925 518 1978 haesit.
557 1926 704 1995 ¹Siquidem
731 1927 889 1980 icunculam
933 1990 937 1998 .

91 1999 255 2066 puellarem,
276 2016 358 2069 quum
373 2001 454 2067 quasi
466 2001 617 2052 remedium
630 2001 793 2052 insidiarum
804 2017 821 2052 a
831 2002 890 2069 ple-

93 2075 157 2128 beio
174 2075 295 2142 quodam
310 2080 337 2127 et
354 2076 451 2141 ignoto
466 2076 574 2127 muneri
595 2073 759 2143 accepisset,
781 2076 890 2128 detecta

94 2148 240 2202 confestim
250 2149 506 2217 coniuratione,pro
517 2149 623 2202 summo
634 2151 744 2202 numine
754 2151 890 2218 trinisque
964 2205 969 2214 ,

93 2223 124 2274 lu
143 2223 189 2274 die
213 2224 358 2276 sacrifieiis
383 2223 473 2281 colere
497 2226 694 2290 perseveravit.
723 2226 890 2292 volebatque

96 2296 179 2360 credi,
190 2299 342 2351 monitione
353 2299 412 2350 elus
421 2297 515 2350 futrum
525 2313 714 2364 praenoscere.
743 2299 813 2351 Ante
823 2313 894 2368 pau-

97 2384 145 2421 eos
156 2384 238 2436 quam
252 2374 355 2436 periret
367 2388 474 2424 menses
479 2373 607 2424 ¹attendit
620 2380 648 2425 et
662 2375 821 2442 extispicio,
839 2389 901 2426 nec·

94 2455 215 2508 unquam
226 2443 324 2496 litavit.

152 2513 237 2566 nvu.
258 2515 335 2568 Obiit
347 2518 487 2570 tricesimo
512 2525 540 2570 et
557 2519 676 2572 seeundo
688 2523 788 2572 aetatis
808 2535 891 2588 anno,

96 2584 150 2649 die,
162 2601 216 2654 quo
228 2591 366 2655 quondam
377 2589 539 2642 Octaviam
530 2600 718 2668 interemerat:
729 2601 892 2664 tantumque

95 2659 227 2724 gaudium
236 2660 346 2756 publice
355 2664 495 2732 praebuit,
505 2671 537 2716 nt
545 2653 623 2734 plebs'
633 2666 737 2735 pileata
746 2673 808 2720 tota
817 2669 891 2753 Urbe
