1986 2960
271 43 457 94 TIBERIUS.
492 46 569 92 CAP.
587 47 703 96 ets-4³.
832 47 882 102 137

6 157 19 166 ”
85 165 235 222 Germanis
244 169 349 220 vastari
359 169 523 235 neglexerim
542 184 642 236 magno
654 170 786 226 dedecore
797 173 881 240 impe·

82 244 132 308 rii,
143 259 195 295 nec
204 243 480 294 minoridiscrimine.
643 296 646 300 ,

142 317 230 368 XLll.
251 317 377 375 Ceterum
387 318 486 368 secreti
496 318 635 372 licentiam
645 325 751 383 nactus,
763 327 790 370 et
800 322 881 388 quasi

82 392 208 446 civitatis
219 391 307 443 oculis
317 396 557 455 remotuseuncta
567 392 648 444 simul
657 393 738 458 vitia,
749 393 821 445 male
832 395 881 448 din

81 465 274 530 dissimulata,
284 465 396 516 tandem
405 465 542 532 profudit:
563 467 596 517 de
608 467 706 534 quibus
717 467 879 534 singillatim

81 541 121 592 ab
132 540 248 592 exordio
259 539 384 591 referam.
417 539 449 594 ln
460 541 567 606 castris,
577 541 632 592 tiro
644 541 804 606 etiamtum,
816 557 878 608 pro·

80 607 145 682 pter
164 613 277 683 nimiam
287 614 355 665 ¹vini
374 614 532 666 aviditatem
551 630 601 684 pro
617 615 730 666 Tiberio
745 613 877 680 Bibere'ns,

80 703 135 755 pro
152 687 269 741 Claudio
287 686 405 750 Caldius,
426 704 477 755 pro
492 689 601 741 Nerone
621 687 697 740 Mero
716 690 877 742 vocabatur.

80 761 186 814 Postea
199 762 326 828 princeps
344 763 373 812 in
393 762 456 828 ipsa
474 763 647 829 publicorum
666 779 771 815 morum
788 780 878 816 corre·

82 837 176 888 ctione
193 851 254 886 cum
268 835 423 902 Pomponio
438 837 539 889 Flacco
556 844 583 889 et
598 837 631 888 L.
646 837 749 890 Pisone
767 846 876 890 noctem

81 911 296 976 continuumque
315 909 428 963 biduum
452 910 587 976 epulando
612 913 789 979 potandoque
813 919 880 965 con·'

81 985 212 1050 sumpsit:
238 997 353 1051 quorum
369 983 451 1036 alteri
464 985 574 1052 Syriam
589 983 774 1051 provinciam,
796 987 877 1040 alteri

80 1057 284 1126 praefecturam
293 1059 376 1110 Urbis
387 1058 531 1110 confestim
542 1059 647 1124 detulit,
660 1059 798 1111 codicillis
810 1076 877 1126 quo·
951 1089 952 1092 =

81 1149 135 1202 que
145 1132 344 1188 iucundissimos
360 1141 387 1184 et
399 1131 513 1184 omnium
528 1133 653 1184 bererum
664 1134 761 1200 (senices
772 1134 877 1200 profes-

81 1223 138 1260 sus.
178 1207 269 1259 Sestio
281 1206 378 1270 Gallo,
390 1205 540 1258 libidinoso
553 1223 586 1258 ae
594 1208 712 1274 prodigo
724 1209 795 1273 seni,
808 1208 876 1260 olim

82 1282 117 1333 ab
133 1282 256 1348 Augusto
271 1282 425 1350 ignominia
439 1287 550 1344 notato,
570 1287 598 1332 et
613 1297 630 1331 a
643 1297 672 1332 se
689 1287 751 1332 ante
769 1297 875 1348 paucos

80 1355 141 1407 dies
153 1356 225 1421 apud
236 1362 360 1407 senatum
370 1356 518 1422 increpito,
527 1370 653 1406 coenam
667 1370 700 1407 ea
710 1356 770 1424 lege
781 1357 875 1408 condi-

80 1431 131 1494 xit,
142 1445 176 1482 ne
188 1430 298 1496 quidex
309 1429 506 1482 consuetudine
520 1429 677 1480 immutaret
687 1437 736 1481 aut
746 1430 874 1494 demeret,

81 1511 167 1574 utque
178 1505 258 1555 nudis
269 1503 368 1570 puellis
378 1500 597 1556 ministrantibus
608 1512 778 1566 coenaretur.
793 1504 874 1572 igno·

82 1578 219 1630 tissimum
234 1585 397 1645 quaesturae
412 1577 588 1631 candidatum
603 1576 787 1630 nobilissimis
799 1587 874 1631 ante·

81 1653 177 1720 posuit
190 1653 226 1704 ob
247 1659 357 1719 epotam
370 1654 399 1704 in
414 1653 554 1716 convivio,
575 1654 738 1720 propinante
753 1669 795 1716 se,
816 1653 874 1705 vini

81 1724 251 1794 amphoram.
289 1727 391 1780 Asellio
404 1727 506 1780 Sabino
522 1729 649 1778 sestertia
659 1728 777 1779 ducenta
788 1727 872 1779 dona·

80 1801 121 1852 vit
130 1815 180 1866 pro
191 1801 318 1869 dialogo,
337 1802 366 1854 in
382 1801 538 1870 quoboleti
548 1807 575 1854 et
585 1802 717 1854 ficedulae
728 1807 756 1852 et
766 1809 874 1853 ostreae

79 1881 109 1928 et
121 1875 196 1926 turdi
209 1882 346 1929 certamen
359 1877 514 1928 induxerat.
552 1875 660 1928 Novum
679 1875 797 1942 denique
813 1876 872 1927 offi-

80 1949 152 2002 cium
161 1950 284 2002 instituit
296 1967 313 2002 a
328 1951 514 2019 uoluptatibus,
534 1949 695 2018 praeposito
711 1949 802 2018 equite
816 1949 871 2002 Ro-

79 2039 170 2089 mano,
181 2025 215 2076 T.
227 2025 364 2077 Caesonio
375 2026 481 2080 Prisco.

133 2097 233 2150 XLlll.
253 2099 368 2152 Secessu
380 2115 444 2152 vero
462 2097 609 2165 Capreensi
628 2098 711 2150 etiam
731 2096 872 2149 sellariam

78 2174 260 2242 excogitavit,
281 2175 373 2227 sedem
389 2189 550 2240 arcanarum
566 2171 724 2224 libidinum:
743 2172 773 2222 in
788 2187 871 2240 quam

77 2247 198 2316 undique
213 2249 364 2315 conquisiti
378 2249 531 2315 puellarum
545 2253 573 2299 et
583 2248 753 2298 exoletorum
762 2261 869 2314 greges,

77 2320 280 2390 monstrosique
292 2324 452 2376 concubitus
466 2327 632 2389 repertores,
654 2336 723 2388 quos
738 2321 870 2394 spintrias

78 2397 244 2464 appellabat,
254 2397 358 2464 triplici
368 2398 438 2449 serie
448 2397 572 2459 connexi,
579 2397 695 2447 invicem
704 2396 871 2447 incestarent

77 2485 106 2522 se
117 2469 210 2523 eoram
220 2471 296 2537 ipso,
315 2479 347 2524 ut
360 2477 473 2536 aspectu
487 2471 643 2522 deficientes
657 2469 786 2520 libidines
797 2469 870 2520 exci-

76 2549 155 2598 tnret.
195 2546 329 2600 Cubicula
347 2544 519 2616 plurifariam
543 2545 687 2614 dispositis
705 2543 816 2596 tabellis
837 2557 870 2594 ac
