1992 2962
95 101 99 108 ’
149 124 200 180 aas
408 125 435 174 c.
460 123 646 174 susrourr

148 257 193 302 tus
204 254 254 301 est.
288 245 342 300 Seri
353 246 518 316 qunm'lnter
527 245 609 296 initia
616 242 727 313 imperii
736 241 863 296 eburneis
875 259 942 314 quo·

148 323 236 392 drigis
246 321 371 390 quotidie
380 322 409 372 in
419 321 506 372 abaco
517 319 635 382 luderet,
646 317 682 368 ad
693 331 787 368 omnes
798 317 881 368 etiam
892 320 942 368 mi·

148 399 239 450 nimos
253 397 395 448 cunenses
409 410 424 446 e
437 408 547 446 secessu
561 391 744 455 commeabat,
755 391 844 460 primo
861 391 941 456 clam,

149 471 248 523 deinde
267 469 425 537 propalam,
443 473 476 519 ut
493 467 596 526 nemini
615 466 727 517 dubium
748 471 832 528 esset,
847 480 880 516 eo
895 466 941 517 dic

148 545 244 612 utique
268 541 427 594 affirtnrum.
474 539 570 608 Neque
595 539 800 604 dissimulabat,
820 538 890 592 velle
911 556 941 592 sc

148 619 303 688 palmarum
330 629 473 667 numerum
502 613 652 681 ampliare:
687 627 771 680 quare
800 618 940 679 spectacu-

148 693 206 744 lum
228 689 420 758 multiplicatis
441 688 571 739 plumbus
594 687 624 740 in
648 701 737 739 serum
761 685 940 753 protraheba-

149 772 207 829 tur,
226 779 261 816 ne
281 762 399 816 dominis
420 761 530 829 quidem
552 761 609 812 iam
632 759 783 812 lactionum
804 760 941 828 dignatati-

148 838 280 904 bus,nlsi
290 837 326 889 ad
336 837 422 888 totius
433 834 490 887 dici
500 847 619 898 cursum,
628 848 725 902 greges
734 833 842 885 dulcere.
872 835 941 888 Mox

148 919 176 966 et
185 914 245 980 ipse
255 912 391 978 aurigare,
402 915 485 976 atque
495 908 578 960 etiam
588 908 709 974 spectari
717 906 807 959 voluit
815 910 940 975 saepitur

148 987 295 1056 positoque
305 985 334 1036 in
343 981 432 1036 hortis
441 984 514 1035 inter
522 982 636 1034 servitia
645 988 672 1034 et
682 981 821 1044 sordidam
832 975 940 1050 plebem

147 1061 315 1124 rudimento,
329 1059 519 1110 universorum
533 1072 562 1108 se
577 1055 664 1108 oculis
678 1056 707 1106 in
722 1055 802 1107 circo
818 1057 939 1116 maxiem
966 1115 969 1120 ,

147 1134 288 1204 praebuit,
300 1132 393 1200 aliquo
404 1131 504 1183 liberto
515 1131 638 1182 mittente
648 1143 789 1197 mappam,
800 1129 873 1181 unde
882 1145 939 1180 mu·
985 1175 987 1188 ,

147 1209 280 1278 ςὶιῐιιΐιιε
300 1205 398 1260 solent.
436 1204 495 1256 Nec
508 1210 654 1256 contentus
667 1202 763 1254 hamum
779 1204 879 1254 artium
894 1219 938 1256 ex-

147 1283 300 1350 perimenta
309 1281 414 1332 Romae
425 1278 545 1343 dedisse,
556 1275 699 1341 Achaiam,
709 1284 741 1328 ut
751 1277 882 1342 diximum,
894 1293 938 1344 pe·
981 1301 987 1316 ι

146 1357 195 1419 tit,
206 1353 270 1411 hinc
280 1356 397 1406 maxime
408 1359 508 1406 motus.
531 1352 709 1404 instituerant
719 1352 855 1418 civitates,
866 1351 939 1420 apud

148 1443 217 1500 qrras
227 1429 327 1481 mruicl
337 1443 439 1496 mones
449 1426 494 1479 edi
504 1425 602 1490 solent,
614 1441 707 1478 onrnes
718 1425 940 1478 citharoedorum

149 1517 267 1556 coronas
282 1503 318 1554 ad
332 1504 423 1570 ipsum
437 1503 554 1552 mittere.
592 1499 648 1552 Eas
659 1499 728 1553 adeo
739 1506 816 1568 grate
825 1501 940 1567 rocipie-

81 1577 84 1585 '
146 1577 207 1640 bat,
223 1577 388 1644 utlagatus,
404 1576 452 1642 qui
466 1574 654 1642 pertulissent,
669 1590 725 1627 non
740 1573 824 1626 modo
834 1575 940 1642 primos

52 1683 54 1688 ·
147 1649 317 1714 admitteret,
332 1649 381 1700 sed
394 1649 477 1700 etiarn
491 1646 680 1700 familiaribus
687 1647 774 1716 epulis
784 1648 941 1715 interpone·

147 2025 242 2076 statim
252 2023 287 2074 ad
298 2037 375 2074 aram
385 2020 462 2073 lovis·
470 2019 561 2070 Cassii
570 2026 680 2072 cantare
691 2021 849 2089 auspicatus
860 2025 910 2070 cst.

202 2096 303 2152 xxlll.
329 2095 486 2148 certamina
500 2093 627 2162 deinceps
644 2095 714 2146 obiit
729 2094 831 2146 omnia.
869 2093 942 2144 Nam

147 1731 197 1776 ret.
236 1725 261 1781 Α
270 1722 434 1792 quibusdam
445 1736 478 1773 ex
492 1720 535 1772 his
546 1729 672 1789 rogatus,
683 1728 715 1774 ut
725 1728 848 1774 cantaret
857 1738 941 1789 super
985 1717 986 1780 l

148 1813 274 1864 menam,
308 1803 491 1864 exceptisque
513 1795 647 1863 enonas,
676 1797 743 1848 solos
761 1795 827 1848 scire
847 1797 944 1850 audire
984 1847 986 1862 ,

150 1873 277 1936 Graecos,
298 1873 414 1938 colorque
429 1885 456 1921 te
471 1879 499 1922 ct
510 1869 603 1922 studiis
617 1870 671 1923 sair
686 1870 780 1940 digeror
795 1871 843 1922 ait.
882 1871 941 1922 Nec

147 1948 318 2016 profectione
338 1945 446 2009 dilata,
463 1949 495 1996 ut
513 1945 631 2012 primum
651 1945 802 2013 Cassiopen
820 1945 940 2009 traiecit,
982 1965 986 1994 ι

148 2181 266 2242 atquae
286 2169 534 2224 diversissimorum
553 2173 707 2237 temporum
726 2168 893 2234 sunt„cogi
912 2169 942 2218 in
985 2163 986 2168 ’

68 2251 73 2260 ”
147 2263 231 2302 ιιιιιιιιι
261 2261 375 2308 annum,
402 2242 566 2311 quibusdam
595 2244 678 2294 ctiam
702 2243 822 2304 iteratis,
849 2241 941 2293 lussit.

148 2321 295 2389 Olympiae
309 2333 419 2388 quoque
438 2323 547 2384 praeter
561 2316 785 2369 consuetudinem
802 2316 941 2372 Auruncum

80 2413 95 2420 ·
146 2407 238 2460 agona
253 2393 399 2444 commisit.
437 2391 477 2442 Ac
490 2406 525 2441 ne
535 2392 601 2457 quid
612 2393 686 2442 circa
696 2389 765 2442 haec
775 2395 940 2457 occupatum

145 2471 275 2517 avocaret
288 2464 467 2527 detinerctrc,
488 2479 570 2530 quarm
584 2464 740 2532 praesentia
753 2466 814 2516 eius
826 2463 949 2521 urbicas

143 2553 187 2590 res
201 2551 280 2603 egere
296 2551 313 2586 a
327 2537 426 2590 liberto
437 2536 733 2600 Helioadmoueretur,
745 2537 886 2604 rescripsit
896 2533 940 2586 his

142 2611 234 2664 verbis
246 2628 256 2672 ι,
275 2609 400 2674 Quarrrcis
419 2625 489 2662 nuuc
500 2618 582 2666 -tuum
597 2610 732 2664 consiliam
746 2610 783 2662 rit
796 2619 938 2673 ettotam,
