1964 2970
147 87 180 140 ⁷6
424 91 450 138 C.
473 90 659 139 SUETONll

147 210 352 278 septemdecim,
373 227 406 262 ac
418 213 495 263 vocis
509 211 666 263 immensae.
705 208 830 272 Quodam
845 218 941 264 autem

145 285 265 336 muneris
276 285 321 336 die
326 283 490 338 Parthorum
502 285 619 348 obsides,
630 289 695 334 tunc
705 283 940 350 primumrnissos,

145 373 194 426 per
205 373 315 410 arenam
325 359 443 410 mediam
455 359 490 409 ad
504 357 688 425 spectaculum
702 357 822 421 induxit,
843 373 940 424 super·
976 375 977 380 ¹

145 447 198 500 que
213 447 242 483 se
256 433 387 484 subsellio
402 432 521 483 secundo
534 431 689 482 collocavit.
729 431 842 482 Solebat
852 432 939 484 etiam
976 453 977 456 ¹

146 506 216 556 citra
226 505 444 572 spectaculorum
456 505 526 568 dies,
541 505 686 572 siquando
698 505 764 572 quid
773 505 939 557 inuisitatum

145 579 310 646 dignumque
321 579 432 644 cognitu
443 579 583 629 advectum
593 584 673 642 esset,
683 578 712 629 id
723 585 801 630 extra
811 578 938 630 ordinem

145 653 270 720 quolibet
283 653 346 704 loco
361 651 515 718 publicare:
538 659 570 703 ut
582 651 783 704 rhinocerotem
799 651 871 719 apud
887 651 939 703 Se-

144 732 205 793 pte3
224 726 356 792 tigrimin
370 739 465 788 scena3
486 740 601 791 anguem
616 726 814 792 quinquaginta
830 726 939 777 cubito-

143 813 204 849 rum
224 813 275 865 pro
296 798 419 848 comitio.
457 799 564 868 Accidit
582 800 683 850 votivis
698 799 885 862 Circensibus,
906 805 940 850 ut

144 877 285 936 correptus
296 869 464 935 valetudine,
479 871 578 923 lectica
588 873 702 934 cubans,
718 878 809 922 tensas
821 872 939 924 deduce-

144 949 198 994 ret=
218 957 313 994 rursm
324 945 517 996 commissione
527 944 667 1008 ludorum,
689 944 788 1010 quibus
798 943 942 998 theatrum

143 1015 271 1070 Marcelli
282 1017 440 1082 dedicabat,
461 1019 562 1083 evenit,
583 1023 614 1070 ut
623 1018 725 1068 laxatis
735 1017 820 1068 sellae
831 1019 940 1072 curulis

145 1093 324 1158 compagibus
335 1079 444 1144 caderet
454 1093 576 1159 supinus.
605 1091 742 1159 Nepotem
752 1105 861 1158 quoque
872 1107 941 1146 suo·

143 1179 204 1216 rum
214 1181 338 1230 munere,
353 1181 436 1234 quum
447 1171 649 1218 consternatum
656 1165 755 1234 retineo
765 1171 839 1216 nretu
848 1181 940 1233 popu-

143 1239 200 1290 lum
211 1241 328 1292 retinere
338 1246 366 1292 et
376 1241 537 1292 confirmare
546 1239 623 1292 nullo
634 1239 717 1290 modo
728 1243 835 1306 posset,
846 1245 940 1292 trans-

142 1313 178 1363 iit
187 1329 202 1364 e
212 1313 275 1366 loco
287 1320 435 1382 suo,atque
445 1315 474 1365 in
485 1329 518 1366 ea
527 1320 607 1382 parte
618 1313 749 1378 consedit,
762 1327 831 1380 quae
842 1329 940 1381 suspe-

145 1391 189 1436 cta
199 1389 317 1440 maxime
326 1395 394 1439 erat.
527 1419 530 1428 ι

199 1459 299 1511 XLIV.
324 1461 478 1528 Spectandi·
496 1461 716 1512 confusissimum
742 1475 776 1511 ac
798 1459 938 1512 solutissi-

144 1546 218 1584 mum
236 1549 339 1586 moreru
361 1535 480 1585 correxit
499 1535 702 1600 ordinavitque,
723 1540 814 1586 motuis
832 1535 939 1586 inimia
976 1573 977 1576 ,

145 1607 290 1670 senatoris,
297 1621 375 1672 quem
386 1606 510 1658 Puteolis
519 1622 569 1673 per
579 1608 771 1660 celeberrimos
781 1608 861 1660 ludos
873 1623 937 1660 con·

145 1693 223 1730 sessu
241 1679 378 1746 frequenti
396 1694 476 1731 nemo
497 1688 646 1746 receperat.
684 1681 771 1733 Facto
791 1683 877 1748 igitur
892 1681 937 1734 de·
964 1727 977 1754 Γ

68 1767 73 1778 s
145 1758 220 1805 creto
234 1759 357 1820 patrum,
376 1759 418 1817 ut,
441 1754 549 1820 quoties
564 1755 630 1820 quid
650 1756 801 1822 spectaculi
820 1771 937 1822 usquam
976 1749 977 1764 ³

140 1827 254 1894 ‚publice
265 1827 402 1891 ederetur,
422 1827 526 1893 primus
542 1829 735 1880 subselliorum
746 1829 814 1881 ordo
825 1836 938 1882 vacaret

99 1957 109 1963 ,
145 1901 333 1963 senatoribus3
352 1899 574 1968 Romaelegatos
585 1903 732 1955 liberarum
743 1904 937 1971 sociarumque

118 2032 120 2038 .
144 1975 266 2042 gentium
279 1975 367 2032 veniit
380 1975 409 2026 in
425 1973 566 2028 orchestra
581 1977 735 2039 considere,
757 1991 838 2044 qrrum
855 1993 937 2044 quos·
976 1987 977 1992 ’

145 2049 208 2100 dam
229 2048 454 2101 etiam'libertini
476 2051 583 2121 generis
607 2051 680 2100 mitti
704 2049 937 2117 deprehendisset.

127 2115 261 2175 'nluitem
272 2125 414 2176 secrevit'a
424 2124 537 2191 populo.
571 2123 682 2174 Meritis
693 2125 796 2190 ephebe
807 2127 938 2191 proprios

144 2197 256 2248 ordines
275 2199 439 2266 assignavit:
466 2197 645 2264 praetextatis
665 2213 778 2249 cumeum
797 2213 890 2264 suum,
912 2209 940 2252 et

145 2271 299 2336 proximum
311 2272 493 2339 paedagogis:
514 2271 672 2337 sanxitque,
692 2273 802 2339 nequis
817 2266 938 2339 pullato-
976 2271 977 2276 ’

144 2358 204 2393 rum
219 2345 310 2396 media
324 2361 409 2397 cavea
422 2346 536 2396 sederet.
565 2344 695 2396 'Feminis
714 2361 748 2397 ne
767 2346 940 2412 gladiatores
976 2411 977 2414 Ἴ

146 2416 263 2482 quidem,
274 2434 342 2485 quos
353 2420 508 2485 promiscue
518 2419 638 2486 spectari
648 2418 780 2471 sollemne
790 2419 857 2470 olim
869 2429 939 2484 erat,
976 2479 977 2482 Ἴ

145 2490 200 2540 nisi
210 2505 244 2542 ex
254 2494 396 2559 superlore
406 2493 468 2544 loc'o
480 2501 604 2560 spectare
616 2493 760 2544 concessit.
800 2492 875 2546 Solis
886 2498 940 2547 vir·
976 2533 977 2538 η

145 2563 255 2632 ginibus
274 2566 433 2620 Vestalibus
453 2567 545 2622 locum
565 2569 595 2621 in
613 2566 722 2620 theatro
743 2567 895 2634 seperatim
915 2576 941 2623 et
