1964 2970
134 107 168 157 42
368 131 376 147 ·
410 109 436 154 C.
462 107 646 155 SUETONll

39 249 44 253 ·
136 253 138 256 ·
153 229 264 293 Brutus,
277 231 339 298 quia
349 229 424 299 rege's
434 229 517 292 eiecit,
529 225 826 301 edmulpm'musfcictus
835 241 893 286 est:

153 304 216 368 Hic,
229 304 291 372 quio
301 301 416 356 coesule's
426 304 509 367 eiecit,
520 305 568 356 νέω
573 313 721 371 postremus
724 305 820 375 fictus
830 315 880 358 eat.

135 379 327 446 Conspiratum
338 379 417 430 estin
427 393 489 430 eum
500 379 669 446 aueuaginta
680 379 806 446 amplius,
818 379 849 430 G.
861 381 931 432 Cas-

134 454 176 504 sio
191 452 342 519 Marcoque
357 458 384 504 et
398 452 514 504 Decimo
527 452 614 504 Bruto
629 452 800 520 principibus
815 457 929 525 eouspi·
970 489 971 492 =

132 528 259 578 rationis.
299 527 481 594 Quini-imum
492 527 626 590 minutati,
645 523 874 592 utnuuueillum,
896 531 928 580 iu

98 619 102 627 Χ
133 601 236 667 Campo
256 615 306 667 per
326 602 439 664 comitia
457 601 546 652 tribus
565 599 603 650 ad
617 598 750 666 suffragia
768 607 926 667 vocantem,

131 668 256 741 partibus
268 675 367 729 ‚divisis
382 690 397 726 e
411 680 494 741 ponte
508 673 658 725 deiicerent
677 679 759 740 atque
778 681 926 740 exceptum

130 749 312 812 trucidarent,
334 749 499 798 aniusacra
508 747 554 798 via
564 746 734 800 velinaditu
743 743 845 798 theatri
855 748 926 801 ado·

130 823 262 884 uitentur,
282 828 427 890 postquam
442 827 553 872 senatus
561 821 661 890 idibus
671 819 782 871 Martiis
796 821 825 880 iu
840 819 925 877 Pons,

129 895 188 962 peii
198 895 301 946 curiam
311 895 416 948 edictus
426 901 480 960 est,
495 893 577 947 facile
586 901 693 962 tempus
704 900 731 945 et
741 894 832 947 locum
842 911 924 962 prae-

63 991 64 1000 *
128 969 258 1020 tulerunt.
284 989 289 1002 *

106 1109 107 1112 Ἴ
185 1041 311 1094 LXXXI.
331 1042 384 1096 Sed
400 1042 514 1094 Caesari
527 1041 621 1093 fistuca
636 1041 733 1094 caedes
747 1041 923 1095 evidentibus

128 1117 264 1184 prodigiis
276 1118 440 1168 denunciata
451 1123 500 1168 est.
519 1115 627 1168 Paucos
638 1121 701 1167 aute
710 1131 824 1180 meuses,
836 1129 923 1183 quum

128 1191 157 1240 in
169 1190 382 1258 coloniacapua
392 1191 502 1242 deducti
512 1189 572 1256 lege
581 1188 654 1240 lulia
664 1188 758 1241 coloni
768 1189 804 1240 ad
813 1195 922 1242 exstru-

129 1264 213 1330 endas
222 1265 304 1315 villas
318 1265 443 1332 sepulcra
456 1263 643 1316 venustissima
653 1263 821 1328 disiiccrent,
835 1262 921 1331 idque

129 1352 162 1390 eo
173 1336 325 1390 studiosius
334 1337 467 1402 iacerent,
479 1336 554 1405 quod
564 1337 734 1404 aliquantum
743 1336 920 1390 vasculorum

129 1411 222 1476 operis
232 1412 339 1478 antiqui
348 1418 501 1463 scrutantes
516 1412 702 1478 reperiebant3
721 1410 818 1462 tabula
829 1411 921 1464 'aenea

127 1485 158 1535 iu
168 1481 456 1552 monumentumque
469 1479 612 1536 dicebatur
621 1485 722 1552 Capys,
734 1485 920 1538 eonditorGa-

127 1573 208 1626 puae,
220 1557 351 1624 sepultus,
361 1559 472 1610 inventa
482 1565 535 1622 est,
551 1559 707 1626 conscripta
717 1558 805 1610 literis
815 1559 919 1612 verbis-
958 1589 960 1596 ,

129 1647 182 1699 que
192 1630 319 1695 Graecis,
338 1631 391 1682 hac
404 1633 551 1684 sententia:
574 1631 735 1699 Quandoque
749 1647 808 1682 ossa
823 1631 920 1704 Capyis

129 1707 231 1758 detecta
241 1713 337 1767 esseut,
352 1704 428 1776 fore,
449 1715 482 1758 ut
493 1705 550 1757 lule
560 1715 711 1775 prognatus
719 1721 800 1757 manu
809 1721 919 1760 concau-

125 1779 284 1848 guimarum
293 1787 443 1842 necaretur,
464 1779 618 1848 magumque
628 1795 688 1832 mox
698 1779 793 1831 ltaliae
804 1779 920 1832 cladibus

127 1853 315 1907 vindicaretur.
350 1854 435 1906 Cuius
445 1855 494 1919 rei,
505 1869 539 1906 ne
550 1855 611 1922 quis
621 1853 777 1906 fabulosam
788 1861 838 1904 aut
845 1869 919 1906 com·

127 1929 284 1980 suentisium
294 1933 383 1996 putet,
398 1935 495 1982 auctor
505 1935 547 1980 est
557 1928 700 1980 Cornelius
710 1927 827 1992 Balbus,
839 1926 919 1980 fami.

126 2001 293 2054 liarissimus
317 2003 452 2055 Caesaris.
500 2001 638 2055 Proximis
666 2001 762 2053 diebus
785 2017 919 2069 equiomm

128 2091 237 2144 greges,
258 2079 366 2144 quasin
375 2077 539 2129 traiiciendo
551 2077 693 2128 Rubicone
702 2075 812 2128 flumine
823 2078 919 2129 couse-

129 2157 232 2215 uarat,
254 2165 287 2202 ac
299 2167 386 2218 vagos
400 2153 459 2203 sine
474 2151 587 2202 uutode
601 2149 756 2213 dimiserat,
777 2151 918 2216 consperit,

128 2225 346 2291 pertinacissime
366 2225 468 2292 pabulo
490 2225 627 2275 abstinere
649 2224 820 2290 ubertimque
844 2223 917 2277 llere.

130 2297 166 2348 Et
175 2297 360 2351 immolantem
372 2298 508 2365 haruspex
519 2297 657 2364 Spurinna
666 2294 785 2361 monuit,
805 2306 837 2348 ut
845 2313 918 2350 cuce·
932 2341 935 2348 ,

104 2427 111 2435 x
128 2381 171 2423 ret
178 2373 336 2442 periculum,
358 2369 428 2442 quoti
439 2389 492 2424 uou
505 2373 576 2422 ultra
586 2369 702 2422 Mortales
711 2369 775 2422 Idus
784 2370 918 2440 proferre·

129 2455 182 2499 tur.
222 2447 316 2500 Pridie
336 2452 425 2498 autam
447 2445 556 2497 easdem
569 2445 634 2496 Idus
655 2459 732 2496 avem
746 2443 918 2510 regaliolum,
970 2503 971 2506 Ἴ

130 2538 189 2574 cum
202 2523 296 2574 laureo
307 2505 414 2572 ramulo
419 2519 604 2586 Pompeianae
614 2519 706 2572 curiae
717 2518 919 2584 seiuferentem,

128 2599 255 2653 volucres
264 2595 336 2650 varii
345 2595 452 2664 generis
463 2609 496 2646 ex
506 2595 632 2662 proximo
641 2607 752 2646 nemore
761 2599 919 2662 persecutas
