1986 2960
206 121 211 133 “
261 109 450 162 TIBERIUS.
486 110 564 158 GAP·
583 111 700 158 10-12.
825 111 877 162 121

83 233 151 286 lism
160 245 275 290 uxorem
286 233 322 285 ab
332 232 462 286 libidines
472 238 555 300 atque
564 232 874 297 adulterisdamuatam

81 307 280 376 repudiumque
293 308 320 359 ei
333 321 383 359 suo
396 301 508 366 nomine
528 321 562 358 en
581 303 747 358 auctoritate
757 307 876 378 Augusti

80 383 238 441 remissum:
259 387 287 432 et
297 392 454 448 quanquam
463 381 552 432 laeuis
561 381 675 444 nuncio,
686 386 778 432 tamen
789 382 874 432 officii
888 431 893 439 ,

81 457 170 520 duxit,
181 461 313 523 quantum
323 455 352 506 in
362 471 391 508 se
403 461 482 518 esset,
493 469 609 506 exorere
619 454 694 516 tiliae
704 460 809 522 patrem
819 453 872 506 fre·
943 463 947 468 ’

80 531 227 597 quentibus
238 530 338 592 literis,
356 529 438 580 etvel
444 529 723 596 uteunquemeritae,
743 529 873 595 quiequid

78 617 201 670 unquam
216 603 289 654 dono
305 603 436 667 dedisset,
458 602 617 656 concedere.
655 603 808 676 Transaoto
825 616 873 653 eu-

78 683 135 730 tem
148 677 314 728 tribuniciae
328 678 473 743 potestatis
493 683 629 744 tempore,
651 676 792 728 confessus
811 682 871 727 tan-

76 748 871 817 demnihilalindsesessndevitessese,quamaenulatin-

76 826 124 876 nis
134 839 195 876 mum
200 824 269 876 (laio
274 823 417 891 Lucioque
428 825 620 890 suspicionem,
626 826 715 891 petiit,
724 829 757 874 ut
765 824 819 876 sibi
829 839 870 875 se-

77 913 146 950 enro
156 899 213 948 iam
224 899 258 949 ab
269 897 321 948 huc
330 904 420 965 perte,
432 899 620 950 corroboretis
631 897 674 950 his
681 904 712 950 'et
721 897 870 950 seeundum

74 971 768 1038 locumleoilemtuntibus,permittereturrevisere
777 987 870 1024 neces-

75 1045 224 1109 situdines,
245 1059 359 1112 quarum
372 1045 510 1098 desiderio
525 1052 671 1098 teneretur.
711 1045 765 1098 Sed
782 1061 869 1113 neque

73 1120 247 1188 impetravit,
267 1119 395 1186 ultroque
408 1121 491 1186 Qum
506 1119 663 1172 admonitus
678 1126 720 1172 est
734 1119 870 1172 dimittere

5 1251 6 1256 ,
75 1208 187 1248 omnem
197 1208 291 1245 wem
300 1208 425 1256 suorum,
441 1209 510 1260 quos
524 1200 581 1247 tam
596 1193 694 1260 cupide
703 1193 868 1260 reliquisset.

132 1266 194 1318 xli.
217 1266 360 1318 Remansit
376 1281 441 1333 ergo
460 1265 552 1318 Rhodi
572 1273 669 1318 contre
691 1265 869 1330 voluntatem,

5 1371 6 1400 l
74 1343 186 1408 vixper
193 1335 492 1404 mutrem'oonseoutus,
512 1341 589 1392 uted
598 1338 742 1392 velandam
752 1341 870 1408 ignoui-

5 1443 6 1466 l
74 1418 152 1468 mum
167 1416 248 1482 quasi
261 1411 368 1481 legatum
378 1415 414 1466 ab
428 1415 551 1480 Augusto
566 1416 683 1466 abesset.
721 1405 869 1467 Enimvero

38 1481 45 1494 '
73 1497 143 1542 tunc
152 1503 208 1540 non
219 1489 356 1557 privatum
366 1487 513 1553 modused
522 1489 608 1540 mom
619 1489 769 1540 obnoxium
779 1494 808 1540 et
815 1494 869 1540 tre-

72 1563 172 1632 pidum
180 1563 250 1630 egit,
269 1562 477 1614 mediterraneis
491 1563 567 1630 egris
581 1563 704 1627 abditum,
724 1563 869 1630 vitansque

72 1637 373 1706 praeternavigantirnn
396 1637 500 1701 officia,
526 1637 624 1704 quibus
644 1635 869 1704 frequentabatur

73 1711 196 1775 assidue,
202 1711 310 1763 nemine
320 1727 379 1782 eum
388 1711 505 1778 imperio
517 1718 565 1765 eut
574 1710 869 1779 magistratuteudente

71 1790 228 1854 qnoquem‚
241 1785 306 1852 quin
317 1784 462 1836 diverteret
470 1783 606 1837 Rhodum.
644 1785 681 1837 Et
695 1789 869 1837 secesserunt

5 1867 6 1888 ³
71 1859 191 1911 maion's
205 1859 401 1911 sollicitudinis
421 1873 530 1910 oausee.
568 1859 693 1928 Namque
713 1859 868 1927 privignum

73 1934 187 1998 Gaium,
207 1933 315 1984 Orienti
332 1933 533 1999 praepositum,
554 1949 637 2001 quum
656 1933 763 1984 visendi
776 1933 868 1998 gratia

71 2008 230 2060 &demet
243 2007 367 2070 Samum,
389 2007 548 2058 alieniorem
563 2008 617 2058 sibi
631 2007 716 2058 sensit
729 2019 763 2056 ex
778 2005 868 2056 orimi-

73 2083 236 2134 nutionibus
246 2081 285 2132 Μ.
296 2081 391 2144 Lollii,
403 2081 513 2132 comitis
523 2086 551 2131 et
560 2081 676 2132 rectoris
687 2081 758 2132 eius.'
784 2077 869 2130 Venit

73 2155 159 2208 etiam
169 2157 199 2206 in
209 2155 402 2222 municionem,
413 2169 462 2222 per
472 2154 607 2223 quosdam
617 2153 743 2206 beneficii
753 2153 797 2204 sui
807 2168 867 2204 oen-

73 2230 209 2294 maeones,
221 2243 238 2280 a
248 2234 403 2280 commeatu
413 2234 505 2280 eastra
513 2234 679 2296 repetentes,
689 2227 821 2278 mandata
831 2226 869 2278 ad

75 2303 231 2371 complures
242 2303 349 2356 dedisse
361 2303 498 2368 ambigue,
511 2309 538 2354 et
548 2318 619 2371 quae
628 2307 735 2354 tentare
745 2301 866 2373 singulo·

71 2376 625 2430 rumanimosadnovasresriderentur.
660 2376 703 2430 De
713 2392 769 2446 que
778 2377 867 2443 suspi-

73 2449 153 2502 (ione
167 2452 270 2504 uertior
283 2452 318 2503 eb
328 2451 451 2518 Angusto
465 2449 557 2502 laeuis
571 2467 627 2503 non
637 2453 754 2504 cessavit
764 2450 866 2516 efflagi-

71 2525 263 2652 tfflliquem
273 2525 420 2578 cuiuslibet
430 2525 537 2578 ordinis
547 2527 689 2580 custodem
696 2525 779 2580 laetis
784 2517 866 2594 atque

164 2615 231 2653 suis.
357 2636 361 2643 -
634 2643 639 2648 .
