1986 2960
31 171 35 182 ,
122 110 172 163 132
292 119 294 124 ·
382 111 620 162 αειιΕτοΝιι

120 233 270 288 transferre
285 236 493 299 concederetur,
513 235 637 286 obtinere
655 249 712 286 non
725 234 829 302 potuit,
851 239 916 304 quin

120 316 183 362 rata
192 309 320 362 voluntas
331 310 463 378 legatoris
474 315 554 360 esset.
585 309 675 370 Quum
685 314 797 360 senatus
808 312 915 364 cousul-
985 335 986 340 ¹

120 388 176 434 tum
193 399 242 452 per
252 383 446 437 discessionem
457 383 529 439 lorte
544 383 633 447 fieret,
653 389 840 436 transeuntem
854 401 914 438 eum

117 457 148 508 in
159 457 273 508 alteram
284 465 402 527 partem,
422 459 452 510 in
467 472 522 525 qua
532 458 678 524 pauciores
693 463 783 522 eraut,
805 466 913 512 secutus

118 537 160 582 est
173 547 263 584 nenio.
303 534 400 585 Cetera
416 547 525 605 qnoque
538 532 650 583 uouuid
667 547 716 598 per
735 533 912 600 magistratus

118 612 145 656 et
154 606 214 656 iure
227 606 369 658 ordinario
382 608 546 674 agebantur3
565 611 644 658 tantu
659 606 804 658 consulum
819 615 912 661 aueto-

116 680 211 743 ritate,
233 686 264 731 ut
283 681 417 748 legationi
430 679 524 731 Africa
538 679 658 732 adierint
677 695 738 745 eos,
758 687 912 748 querentes,

67 779 75 800 ι
115 751 397 820 trohiseacaesare,
419 754 549 822 adquam
564 755 643 806 missi
656 753 756 807 forent.
794 751 932 808 Noenu(

115 841 188 891 rrrnr,
201 843 284 895 quum
293 829 385 896 palam
395 834 480 892 esset,
495 829 586 896 ipsum
597 843 707 898 quoque
717 828 821 882 eisdem
831 837 859 882 et
869 845 911 882 as-

58 893 70 908 “
115 916 226 970 sirrgere
237 908 265 953 et
275 901 406 955 decedere
414 903 470 954 via.

171 974 284 1029 xxxii.
306 976 447 1045 Corripuit
467 975 625 1031 consulares
646 975 812 1029 exercitibus
831 992 910 1045 prae·

113 1051 233 1117 positos,
246 1051 320 1119 quod
331 1068 386 1104 uon
398 1052 431 1104 de
445 1053 526 1104 rebus
536 1051 621 1118 gestis
632 1052 741 1102 senatui
750 1052 908 1122 scriberent,

114 1125 243 1194 quodque
257 1126 291 1178 de
306 1127 460 1178 tribuendis
476 1125 640 1194 quibusdam
650 1123 817 1178 militaribus
828 1125 909 1182 donis

113 1198 149 1251 ad
160 1215 189 1250 se
200 1200 340 1265 referrent,
347 1201 429 1270 quasi
437 1215 493 1252 non
504 1200 625 1261 omnium
636 1200 843 1252 tribuendorum
853 1201 910 1268 ipsi

112 1273 156 1324 ius
167 1270 306 1327 habereut.
346 1274 504 1328 Praetorem
516 1274 696 1338 collaudavit,
713 1275 788 1342 quod
803 1273 909 1328 honore

18 1379 46 1417 χ,
112 1347 182 1398 inito
199 1349 423 1402 consuetudinem
439 1350 579 1417 antiquam
594 1349 734 1402 retulisset
747 1349 781 1402 de
796 1349 909 1402 maiori·

39 1427 57 1457 '·
112 1421 164 1472 bus
180 1423 237 1474 suis
251 1439 301 1491 pro
318 1425 451 1476 concione
465 1423 645 1476 memorandi.
685 1424 864 1485 Quorumdam
876 1425 908 1476 il·

112 1495 239 1548 lustrium
260 1499 406 1566 exsequias
425 1515 512 1567 usque
531 1497 568 1550 ad
592 1513 690 1566 rogum
715 1498 908 1567 frequentavit.

111 1568 208 1621 Parem
221 1572 439 1625 moderationem
452 1573 605 1624 nrinoribus
621 1587 730 1640 quoqne
744 1577 772 1624 et
780 1575 908 1640 personis

112 1650 140 1695 et
153 1646 235 1696 rebus
255 1645 387 1698 exhibuit.
428 1648 517 1710 Quum
532 1645 704 1700 Rhodiorum
718 1648 908 1711 magistratus,

112 1719 187 1786 quod
201 1719 296 1772 literas
311 1722 437 1789 publicas
451 1723 510 1774 sine
524 1721 725 1787 subscriptione
740 1719 775 1769 ad
785 1733 814 1768 se
825 1718 908 1771 dede·

110 1800 186 1858 rant,
198 1801 353 1860 evocasset,
368 1811 402 1848 ne
412 1797 497 1849 verbo
509 1794 619 1864 quidem
628 1795 790 1855 insectatus,
802 1807 835 1844 ao
844 1797 907 1844 tan-

110 1870 254 1934 tummodo
277 1871 369 1922 iussos
393 1871 577 1931 subscribere,
606 1866 720 1917 remisit.
765 1865 908 1935 Diogenes

110 1945 319 2010 grammaticus,
335 1943 477 2012 disputare
491 1941 614 1994 sabbatis
624 1937 838 2007 Rhodisolitus,
860 1957 906 1994 ve·
988 1977 989 1982 ,

109 2018 237 2082 nientem,
249 2025 280 2070 ut
290 2035 318 2070 se
329 2026 407 2071 extra
419 2019 540 2070 ordinem
553 2013 668 2079 audiret,
680 2030 735 2066 non
746 2015 906 2079 admiserat,

111 2105 144 2142 ae
159 2089 359 2160 per'servulum
374 2108 453 2144 suum
467 2092 496 2142 in
511 2089 655 2156 septimum
667 2088 737 2140 diem
749 2089 906 2141 distulerat.

111 2165 192 2219 Hunc
203 2167 320 2231 Romae,
333 2165 473 2218 salutandi
483 2165 527 2216 sui
538 2179 622 2216 eausa
631 2178 683 2231 pro
694 2163 801 2215 loribus
813 2171 908 2216 astau-

108 2245 177 2303 tem,
196 2240 266 2292 nihil
281 2241 412 2309 amplius,
433 2255 514 2306 quam
529 2245 561 2290 ut
575 2245 639 2306 post
649 2239 793 2310 septimum
804 2249 908 2292 annium

108 2315 224 2382 rediret,
236 2317 388 2368 admonuit
427 2314 619 2379 Praesidibus,
635 2314 906 2376 onerandastributo
988 2373 989 2376 Ἴ

108 2392 267 2455 provrneras
277 2391 468 2454 suadentibus,
483 2389 638 2459 rescripsit,
654 2389 842 2458 benepatiens
852 2405 909 2442 esse
988 2391 989 2394 ’

110 2463 216 2515 tondere
222 2479 311 2530 pecus,
323 2481 375 2516 non
386 2465 532 2534 deglubere.

63 2567 67 2582 ι
163 2535 292 2588 XXXlll.
312 2536 461 2590 Paullatim
476 2541 628 2608 principem
649 2539 770 2592 exseruit
789 2529 908 2605 praes'ti·

107 2612 208 2678 titque3
232 2611 285 2662 etsi
299 2610 403 2661 varium
421 2612 483 2677 diu,
504 2613 719 2666 commodiorem
732 2619 824 2665 tamen
844 2629 906 2665 sae-
972 2659 977 2669 ,
