1964 2970
200 111 463 170 octavianus.
498 119 709 168 carbo-oa.
818 119 852 172 ss
881 140 885 147 -

61 245 176 313 quisque
186 257 281 310 regno,
294 242 444 294 Caesareas
453 235 535 292 urbes
546 241 738 306 coudiderrmt3
750 249 778 296 et
787 257 851 297 cun.

59 320 98 372 cti
116 317 201 370 shuul
219 317 314 369 aedem
332 316 407 368 Iovis
426 315 549 382 Olympii
565 313 678 367 Athenis
701 318 851 385 antiquitus

56 391 216 446 inchoatam
227 389 357 460 perlicere
368 389 506 442 communi
518 393 629 457 sumptu
635 389 850 458 destinaverunt,
918 449 921 453 ,

55 467 194 535 genioque
205 467 264 518 eius
275 464 415 526 dedicare3
436 477 470 514 ac
483 477 565 530 saepe
578 463 671 530 regnis
680 463 784 516 relictis
793 479 850 518 non

4 593 5 598 ,
55 541 164 593 Romae
173 538 266 604 modo,
278 537 327 592 sed
335 537 494 605 provincias
503 537 676 604 peragranti,
686 538 850 605 quotidiana

4 617 5 624 ’
56 613 151 668 officia
159 613 250 680 togati
264 627 298 664 ac
311 613 370 664 sine
383 612 461 680 regio
475 611 591 678 insigni,
610 623 688 664 ruore
698 611 848 678 clientium,

4 699 6 706 ι
54 687 260 755 praesumunt.

110 759 186 812 LXI
208 759 355 824 Quoniam,
366 719 641 826 qualisinimperiis
638 773 672 812 ac
680 759 849 827 magistrati
866 731 872 742 κ

55 835 122 898 bus,
141 834 316 902 regendaque
328 848 378 900 per
390 840 525 886 terrarum
538 834 632 887 orbem
641 849 710 902 pace
719 833 849 902 belloque

56 908 199 976 republica
212 907 308 973 fuerit,
328 907 457 975 exposui3
476 905 592 959 referam
604 908 848 962 nunelnteriorenr

4 973 6 1022 l
57 997 90 1034 ae
99 980 264 1048 familiarem
275 982 334 1034 eius
343 983 441 1046 vitam,
462 980 614 1049 quibusque
626 982 750 1034 moribus
765 988 849 1051 atque

4 1089 5 1092 =
56 1054 169 1108 fortuna
178 1055 255 1108 domi
263 1061 292 1107 et
300 1051 373 1107 inter
382 1071 448 1107 suos
458 1054 556 1122 egerit,
568 1056 705 1106 aiuventa
713 1056 848 1123 usquead

57 1143 211 1196 supremum
221 1129 295 1180 vitae
304 1128 386 1180 diam
414 1127 531 1180 Matrem
542 1128 635 1179 amisit
643 1129 673 1179 in
682 1129 771 1195 primo
784 1143 848 1182 oon.

56 1203 162 1266 salutm
176 1217 300 1255 sororem
310 1201 454 1254 Octaviam
464 1202 719 1269 quinquagesimum
729 1207 757 1254 et
767 1207 847 1270 quar·

56 1282 113 1328 tum
124 1287 208 1344 agens
218 1276 317 1328 aetatis
327 1290 437 1326 aunum.
469 1275 593 1342 Utrique,
605 1290 687 1341 quum
696 1277 848 1345 praecipua

57 1351 150 1404 officia
162 1351 241 1404 virae
253 1351 449 1418 praestitisset,
469 1349 552 1400 edam
567 1347 711 1403 deiunctae
728 1347 848 1405 honores

55 1425 191 1476 maximos
200 1425 307 1476 tribuit.
358 1431 360 1436 ’

110 1496 198 1548 LXil.
223 1497 359 1565 Sponsam
382 1493 481 1548 habuit
504 1494 665 1548 adolescens
683 1493 715 1548 P.
736 1475 875 1552 Seruilii¹

55 1570 173 1624 isaurici
192 1570 291 1635 iiliam;
314 1571 364 1624 sed
376 1569 571 1623 reconciliatus
583 1571 777 1638 post-primam
792 1573 847 1625 dis·

4 1693 5 1702 ,
57 1645 182 1701 cordiam
195 1645 329 1710 Antonio,
345 1643 582 1714 expostulantibus
595 1645 739 1714 utriusque
752 1647 847 1699 militi·

55 1720 117 1784 bus,
122 1725 154 1770 ut
163 1725 191 1771 et
199 1719 400 1786 necessitudine
406 1719 849 1790 aliquaiungerentur,priviguam

56 1795 115 1846 eius
130 1793 288 1858 Claudiam,
307 1793 423 1846 Fulviae
436 1808 470 1845 ex
483 1791 515 1845 P.
531 1793 631 1846 Clodio
649 1794 749 1864 lilium,
770 1795 850 1846 duxit

54 1877 184 1932 uxorem
197 1868 309 1922 vixdum
323 1867 457 1920 nubilem:
478 1881 511 1919 ae
524 1866 664 1919 simultate
679 1882 740 1919 cum
750 1867 850 1921 Fulvia

56 1956 140 1994 socru
153 1947 264 2007 noma,
285 1941 390 1994 dimisit
408 1941 539 1994 nouam
561 1939 693 1994 adlucet
705 1941 848 2009 uirginem

55 2014 124 2070 Mox
137 2014 312 2068 Scriboniam
324 2017 354 2068 iu
372 2015 578 2068 matrimonium
598 2015 716 2082 aceepit,
736 2021 849 2082 nuptam

57 2096 119 2142 ante
131 2089 240 2143 duobus
251 2091 455 2154 consularibus,
476 2105 510 2142 ex
524 2089 612 2142 altero
627 2089 711 2141 etiam
720 2095 849 2146 matrem.
906 2141 912 2152 ,
977 2083 978 2104 ’

58 2163 125 2216 Guru
135 2163 189 2217 bac
199 2165 282 2218 etiam
294 2164 442 2217 divortium
450 2162 526 2229 iecit,
536 2169 692 2234 pertaesus,
702 2169 734 2214 ut
744 2164 850 2230 scribit,

56 2251 164 2292 morum
178 2239 384 2306 perversitatem
398 2239 470 2302 eius3
494 2253 529 2290 ac
547 2237 642 2290 statim
654 2235 763 2289 Liviam
777 2238 850 2291 Dru-

55 2313 149 2365 sillam
159 2313 336 2366 matrimonio
347 2313 455 2365 'liberii
464 2311 595 2375 Neronis,
616 2319 644 2363 et
653 2311 762 2380 quidem
771 2327 851 2380 prae·

54 2393 198 2454 quantem,
219 2387 347 2453 abduxit,
367 2386 518 2456 dilexitque
532 2391 560 2440 ei
572 2385 702 2454 probavit
718 2387 799 2490 unice
818 2401 851 2440 ao

4 2517 5 2520 ,
55 2469 271 2530 perseveranter.

4 2543 8 2552 '
111 2535 213 2588 LXlll.
232 2535 276 2588 lix
285 2533 553 2597 Scribonialuliam,
568 2485 850 2587 exldvianihillibe·

54 2623 151 2666 rorum
160 2609 233 2676 tulit,
245 2625 327 2682 quum
337 2609 457 2663 muitum
433 2614 586 2725 stuperet
614 2607 717 2680 luiauq
728 2608 776 2679 qui
787 2623 851 2661 cou-

975 2491 978 2663 l
