<?xml version="1.0" encoding="UTF-8"?>
<!DOCTYPE html PUBLIC "-//W3C//DTD XHTML 1.0 Transitional//EN"
    "http://www.w3.org/TR/xhtml1/DTD/xhtml1-transitional.dtd">
<html xmlns="http://www.w3.org/1999/xhtml" xml:lang="en" lang="en">
 <head>
  <title>
</title>
<meta http-equiv="Content-Type" content="text/html;charset=utf-8" />
  <meta name='ocr-system' content='tesseract 3.04.00' />
  <meta name='ocr-capabilities' content='ocr_page ocr_carea ocr_par ocr_line ocrx_word'/>
</head>
<body>
  <div class='ocr_page' id='page_1' title='image "./csuetoniitranqu00weisgoog_0035.png"; bbox 0 0 1964 2970; ppageno 0'>
   <div class='ocr_carea' id='block_1_1' title="bbox 205 133 880 196">
    <p class='ocr_par' dir='ltr' id='par_1_1' title="bbox 205 133 880 196">
     <span class='ocr_line' id='line_1_1' title="bbox 205 133 880 196; baseline 0.003 -12"><span class='ocrx_word' id='word_1_1' title='bbox 205 137 335 184; x_wconf 77' lang='lat' dir='ltr'>IULIUS</span> <span class='ocrx_word' id='word_1_2' title='bbox 365 135 518 182; x_wconf 81' lang='lat' dir='ltr'><strong>CAESAR.</strong></span> <span class='ocrx_word' id='word_1_3' title='bbox 554 137 765 196; x_wconf 61' lang='lat' dir='ltr'><strong>caeso-44.</strong></span> <span class='ocrx_word' id='word_1_4' title='bbox 846 133 880 187; x_wconf 71' lang='lat'><strong>23</strong></span> 
     </span>
    </p>
   </div>
   <div class='ocr_carea' id='block_1_2' title="bbox 85 255 880 326">
    <p class='ocr_par' dir='ltr' id='par_1_2' title="bbox 85 255 880 326">
     <span class='ocr_line' id='line_1_2' title="bbox 85 255 880 326; baseline -0.004 -12"><span class='ocrx_word' id='word_1_5' title='bbox 85 277 146 314; x_wconf 87' lang='lat' dir='ltr'><strong>rum</strong></span> <span class='ocrx_word' id='word_1_6' title='bbox 161 261 344 326; x_wconf 88' lang='lat' dir='ltr'><strong>ingenuorum</strong></span> <span class='ocrx_word' id='word_1_7' title='bbox 359 256 432 325; x_wconf 88' lang='lat' dir='ltr'><strong>inter</strong></span> <span class='ocrx_word' id='word_1_8' title='bbox 444 263 570 324; x_wconf 88' lang='lat' dir='ltr'><strong>pastores</strong></span> <span class='ocrx_word' id='word_1_9' title='bbox 588 255 728 311; x_wconf 82' lang='lat' dir='ltr'><strong>haberent.</strong></span> <span class='ocrx_word' id='word_1_10' title='bbox 768 259 880 312; x_wconf 88' lang='grc'><strong>01111111-</strong></span> 
     </span>
    </p>
   </div>
   <div class='ocr_carea' id='block_1_3' title="bbox 83 330 880 547">
    <p class='ocr_par' dir='ltr' id='par_1_3' title="bbox 83 330 880 547">
     <span class='ocr_line' id='line_1_3' title="bbox 86 330 880 402; baseline -0.001 -17"><span class='ocrx_word' id='word_1_11' title='bbox 86 351 140 402; x_wconf 89' lang='lat' dir='ltr'><strong>que</strong></span> <span class='ocrx_word' id='word_1_12' title='bbox 154 332 319 384; x_wconf 81' lang='lat' dir='ltr'><strong>medicinam</strong></span> <span class='ocrx_word' id='word_1_13' title='bbox 335 331 440 382; x_wconf 87' lang='lat' dir='ltr'><strong>Romae</strong></span> <span class='ocrx_word' id='word_1_14' title='bbox 453 330 594 398; x_wconf 89' lang='lat' dir='ltr'><strong>professos</strong></span> <span class='ocrx_word' id='word_1_15' title='bbox 613 336 641 383; x_wconf 89' lang='lat' dir='ltr'><strong>et</strong></span> <span class='ocrx_word' id='word_1_16' title='bbox 660 332 817 384; x_wconf 88' lang='lat' dir='ltr'><strong>liberalium</strong></span> <span class='ocrx_word' id='word_1_17' title='bbox 837 349 880 384; x_wconf 89' lang='lat' dir='ltr'><strong>ar·</strong></span> 
     </span>
     <span class='ocr_line' id='line_1_4' title="bbox 83 403 880 480; baseline -0.001 -21"><span class='ocrx_word' id='word_1_18' title='bbox 83 411 155 460; x_wconf 87' lang='lat' dir='ltr'><strong>tium</strong></span> <span class='ocrx_word' id='word_1_19' title='bbox 170 405 313 480; x_wconf 81' lang='lat' dir='ltr'><strong>doctores,</strong></span> <span class='ocrx_word' id='word_1_20' title='bbox 335 420 390 472; x_wconf 89' lang='lat' dir='ltr'><strong>quo</strong></span> <span class='ocrx_word' id='word_1_21' title='bbox 406 403 535 455; x_wconf 87' lang='lat' dir='ltr'><strong>libentius</strong></span> <span class='ocrx_word' id='word_1_22' title='bbox 550 411 578 456; x_wconf 91' lang='lat' dir='ltr'><strong>et</strong></span> <span class='ocrx_word' id='word_1_23' title='bbox 594 406 649 472; x_wconf 92' lang='lat' dir='ltr'><strong>ipsi</strong></span> <span class='ocrx_word' id='word_1_24' title='bbox 663 406 764 457; x_wconf 87' lang='lat' dir='ltr'><strong>Urbem</strong></span> <span class='ocrx_word' id='word_1_25' title='bbox 773 406 880 480; x_wconf 83' lang='lat' dir='ltr'><strong>incole·</strong></span> 
     </span>
     <span class='ocr_line' id='line_1_5' title="bbox 85 478 880 547; baseline -0.001 -14"><span class='ocrx_word' id='word_1_26' title='bbox 85 488 156 544; x_wconf 86' lang='lat' dir='ltr'><strong>rent,</strong></span> <span class='ocrx_word' id='word_1_27' title='bbox 168 487 197 532; x_wconf 87' lang='lat' dir='ltr'><strong>et</strong></span> <span class='ocrx_word' id='word_1_28' title='bbox 208 481 291 531; x_wconf 90' lang='lat' dir='ltr'><strong>ceteri</strong></span> <span class='ocrx_word' id='word_1_29' title='bbox 302 483 472 546; x_wconf 85' lang='lat' dir='ltr'><strong>appeterent,</strong></span> <span class='ocrx_word' id='word_1_30' title='bbox 494 479 605 530; x_wconf 83' lang='lat' dir='ltr'><strong>civitate</strong></span> <span class='ocrx_word' id='word_1_31' title='bbox 620 478 743 531; x_wconf 84' lang='lat' dir='ltr'><strong>donarit.</strong></span> <span class='ocrx_word' id='word_1_32' title='bbox 781 479 825 532; x_wconf 91' lang='lat' dir='ltr'><strong>De</strong></span> <span class='ocrx_word' id='word_1_33' title='bbox 834 496 880 547; x_wconf 91' lang='lat' dir='ltr'><strong>pe-</strong></span> 
     </span>
    </p>
   </div>
   <div class='ocr_carea' id='block_1_4' title="bbox 87 553 968 620">
    <p class='ocr_par' dir='ltr' id='par_1_4' title="bbox 87 553 968 620">
     <span class='ocr_line' id='line_1_6' title="bbox 87 553 968 620; baseline -0.002 -13"><span class='ocrx_word' id='word_1_34' title='bbox 87 556 177 607; x_wconf 83' lang='lat' dir='ltr'><strong>mmiis</strong></span> <span class='ocrx_word' id='word_1_35' title='bbox 197 555 312 618; x_wconf 76' lang='lat' dir='ltr'><strong>munds,</strong></span> <span class='ocrx_word' id='word_1_36' title='bbox 334 553 450 606; x_wconf 87' lang='lat' dir='ltr'><strong>disiecta</strong></span> <span class='ocrx_word' id='word_1_37' title='bbox 468 567 601 609; x_wconf 83' lang='lat' dir='ltr'><strong>novarum</strong></span> <span class='ocrx_word' id='word_1_38' title='bbox 614 553 773 604; x_wconf 87' lang='lat' dir='ltr'><strong>tabularum</strong></span> <span class='ocrx_word' id='word_1_39' title='bbox 787 567 881 620; x_wconf 84' lang='lat' dir='ltr'><strong>exspe-</strong></span> <span class='ocrx_word' id='word_1_40' title='bbox 966 565 968 572; x_wconf 77' lang='grc'>’</span> 
     </span>
    </p>
   </div>
   <div class='ocr_carea' id='block_1_5' title="bbox 13 626 948 2690">
    <p class='ocr_par' dir='ltr' id='par_1_5' title="bbox 85 626 924 1492">
     <span class='ocr_line' id='line_1_7' title="bbox 86 626 880 694; baseline -0.003 -14"><span class='ocrx_word' id='word_1_41' title='bbox 86 630 225 691; x_wconf 85' lang='lat' dir='ltr'><strong>ctatione,</strong></span> <span class='ocrx_word' id='word_1_42' title='bbox 247 643 317 694; x_wconf 86' lang='lat' dir='ltr'><strong>quae</strong></span> <span class='ocrx_word' id='word_1_43' title='bbox 328 627 423 677; x_wconf 87' lang='lat' dir='ltr'><strong>crebro</strong></span> <span class='ocrx_word' id='word_1_44' title='bbox 435 626 608 691; x_wconf 85' lang='lat' dir='ltr'><strong>movebatur,</strong></span> <span class='ocrx_word' id='word_1_45' title='bbox 630 626 880 691; x_wconf 82' lang='lat' dir='ltr'><strong>decrerittandem,</strong></span> 
     </span>
     <span class='ocr_line' id='line_1_8' title="bbox 85 698 881 769; baseline -0.004 -15"><span class='ocrx_word' id='word_1_46' title='bbox 85 710 117 754; x_wconf 91' lang='lat' dir='ltr'><strong>ut</strong></span> <span class='ocrx_word' id='word_1_47' title='bbox 131 701 274 754; x_wconf 81' lang='lat' dir='ltr'>debitores</span> <span class='ocrx_word' id='word_1_48' title='bbox 290 699 470 752; x_wconf 85' lang='lat' dir='ltr'><strong>creditoribus</strong></span> <span class='ocrx_word' id='word_1_49' title='bbox 486 698 678 754; x_wconf 82' lang='lat' dir='ltr'><strong>satisfacerent</strong></span> <span class='ocrx_word' id='word_1_50' title='bbox 691 715 740 769; x_wconf 90' lang='lat' dir='ltr'><strong>per</strong></span> <span class='ocrx_word' id='word_1_51' title='bbox 754 702 881 754; x_wconf 87' lang='lat' dir='ltr'><strong>aestima·</strong></span> 
     </span>
     <span class='ocr_line' id='line_1_9' title="bbox 85 774 882 842; baseline -0.003 -14"><span class='ocrx_word' id='word_1_52' title='bbox 85 779 193 828; x_wconf 87' lang='lat' dir='ltr'><strong>tionem</strong></span> <span class='ocrx_word' id='word_1_53' title='bbox 213 774 432 842; x_wconf 88' lang='lat' dir='ltr'><strong>possessionum,</strong></span> <span class='ocrx_word' id='word_1_54' title='bbox 458 774 554 840; x_wconf 88' lang='lat' dir='ltr'><strong>quanti</strong></span> <span class='ocrx_word' id='word_1_55' title='bbox 574 789 697 842; x_wconf 90' lang='lat' dir='ltr'><strong>quasque</strong></span> <span class='ocrx_word' id='word_1_56' title='bbox 717 780 781 827; x_wconf 89' lang='lat' dir='ltr'><strong>ante</strong></span> <span class='ocrx_word' id='word_1_57' title='bbox 801 775 882 826; x_wconf 87' lang='lat' dir='ltr'><strong>civile</strong></span> 
     </span>
     <span class='ocr_line' id='line_1_10' title="bbox 85 845 881 914; baseline -0.001 -13"><span class='ocrx_word' id='word_1_58' title='bbox 85 851 191 902; x_wconf 88' lang='lat' dir='ltr'><strong>bellum</strong></span> <span class='ocrx_word' id='word_1_59' title='bbox 207 851 424 914; x_wconf 81' lang='lat' dir='ltr'><strong>comparassent,</strong></span> <span class='ocrx_word' id='word_1_60' title='bbox 440 845 556 898; x_wconf 89' lang='lat' dir='ltr'><strong>deducto</strong></span> <span class='ocrx_word' id='word_1_61' title='bbox 572 863 694 900; x_wconf 87' lang='lat' dir='ltr'><strong>summae</strong></span> <span class='ocrx_word' id='word_1_62' title='bbox 705 850 777 901; x_wconf 88' lang='lat' dir='ltr'><strong>aeris</strong></span> <span class='ocrx_word' id='word_1_63' title='bbox 788 849 881 913; x_wconf 84' lang='lat' dir='ltr'><strong>alieni,</strong></span> 
     </span>
     <span class='ocr_line' id='line_1_11' title="bbox 86 920 882 992; baseline -0.003 -16"><span class='ocrx_word' id='word_1_64' title='bbox 86 925 113 976; x_wconf 89' lang='lat' dir='ltr'><strong>si</strong></span> <span class='ocrx_word' id='word_1_65' title='bbox 127 922 196 992; x_wconf 88' lang='lat' dir='ltr'><strong>quid</strong></span> <span class='ocrx_word' id='word_1_66' title='bbox 210 936 311 972; x_wconf 86' lang='lat' dir='ltr'><strong>usurae</strong></span> <span class='ocrx_word' id='word_1_67' title='bbox 324 920 435 972; x_wconf 87' lang='lat' dir='ltr'><strong>nomine</strong></span> <span class='ocrx_word' id='word_1_68' title='bbox 448 928 619 973; x_wconf 86' lang='lat' dir='ltr'><strong>numeratum</strong></span> <span class='ocrx_word' id='word_1_69' title='bbox 639 928 687 974; x_wconf 88' lang='lat' dir='ltr'><strong>aut</strong></span> <span class='ocrx_word' id='word_1_70' title='bbox 699 924 882 990; x_wconf 85' lang='lat' dir='ltr'><strong>perscriptum</strong></span> 
     </span>
     <span class='ocr_line' id='line_1_12' title="bbox 86 993 882 1063; baseline -0.005 -12"><span class='ocrx_word' id='word_1_71' title='bbox 86 999 199 1051; x_wconf 84' lang='lat' dir='ltr'><strong>fuisset:</strong></span> <span class='ocrx_word' id='word_1_72' title='bbox 221 1010 276 1063; x_wconf 87' lang='lat' dir='ltr'><strong>qua</strong></span> <span class='ocrx_word' id='word_1_73' title='bbox 291 993 450 1046; x_wconf 90' lang='lat' dir='ltr'><strong>conditione</strong></span> <span class='ocrx_word' id='word_1_74' title='bbox 464 999 641 1063; x_wconf 82' lang='lat' dir='ltr'><strong>quarta&#39;pars</strong></span> <span class='ocrx_word' id='word_1_75' title='bbox 655 995 713 1049; x_wconf 86' lang='lat' dir='ltr'><strong>fere</strong></span> <span class='ocrx_word' id='word_1_76' title='bbox 727 998 827 1050; x_wconf 87' lang='lat' dir='ltr'><strong>crediti</strong></span> <span class='ocrx_word' id='word_1_77' title='bbox 837 996 882 1048; x_wconf 88' lang='lat' dir='ltr'><strong>de-</strong></span> 
     </span>
     <span class='ocr_line' id='line_1_13' title="bbox 86 1063 902 1140; baseline -0.004 -17"><span class='ocrx_word' id='word_1_78' title='bbox 86 1072 207 1140; x_wconf 79' lang='lat' dir='ltr'><strong>peribat.</strong></span> <span class='ocrx_word' id='word_1_79' title='bbox 247 1068 352 1119; x_wconf 80' lang='lat' dir='ltr'><strong>Cuncta</strong></span> <span class='ocrx_word' id='word_1_80' title='bbox 372 1067 503 1134; x_wconf 83' lang='lat' dir='ltr'><strong>collegia,</strong></span> <span class='ocrx_word' id='word_1_81' title='bbox 517 1076 632 1135; x_wconf 68' lang='lat' dir='ltr'><strong>,praeter</strong></span> <span class='ocrx_word' id='word_1_82' title='bbox 651 1071 803 1139; x_wconf 84' lang='lat' dir='ltr'><strong>antiquitus</strong></span> <span class='ocrx_word' id='word_1_83' title='bbox 818 1063 902 1122; x_wconf 59' lang='lat' dir='ltr'><strong>con·-¹</strong></span> 
     </span>
     <span class='ocr_line' id='line_1_14' title="bbox 89 1140 924 1211; baseline -0.002 -14"><span class='ocrx_word' id='word_1_84' title='bbox 89 1147 197 1208; x_wconf 87' lang='lat' dir='ltr'><strong>stituta,</strong></span> <span class='ocrx_word' id='word_1_85' title='bbox 209 1143 347 1194; x_wconf 82' lang='lat' dir='ltr'><strong>distraxit.</strong></span> <span class='ocrx_word' id='word_1_86' title='bbox 367 1141 476 1193; x_wconf 88' lang='lat' dir='ltr'><strong>Poenas</strong></span> <span class='ocrx_word' id='word_1_87' title='bbox 486 1140 639 1196; x_wconf 84' lang='lat' dir='ltr'><strong>facinorum</strong></span> <span class='ocrx_word' id='word_1_88' title='bbox 652 1145 741 1195; x_wconf 86' lang='lat' dir='ltr'><strong>auxit:</strong></span> <span class='ocrx_word' id='word_1_89' title='bbox 763 1149 790 1195; x_wconf 87' lang='lat' dir='ltr'><strong>et</strong></span> <span class='ocrx_word' id='word_1_90' title='bbox 800 1159 883 1211; x_wconf 84' lang='lat' dir='ltr'><strong>quum</strong></span> <span class='ocrx_word' id='word_1_91' title='bbox 922 1191 924 1195; x_wconf 91' lang='lat'><strong>.</strong></span> 
     </span>
     <span class='ocr_line' id='line_1_15' title="bbox 86 1215 885 1286; baseline -0.003 -16"><span class='ocrx_word' id='word_1_92' title='bbox 86 1219 241 1286; x_wconf 80' lang='lat' dir='ltr'><strong>locupletes</strong></span> <span class='ocrx_word' id='word_1_93' title='bbox 252 1232 284 1268; x_wconf 91' lang='lat' dir='ltr'><strong>eo</strong></span> <span class='ocrx_word' id='word_1_94' title='bbox 295 1215 406 1266; x_wconf 87' lang='lat' dir='ltr'><strong>facilius</strong></span> <span class='ocrx_word' id='word_1_95' title='bbox 417 1216 519 1268; x_wconf 89' lang='lat' dir='ltr'><strong>scelere</strong></span> <span class='ocrx_word' id='word_1_96' title='bbox 529 1232 558 1268; x_wconf 90' lang='lat' dir='ltr'><strong>se</strong></span> <span class='ocrx_word' id='word_1_97' title='bbox 574 1218 741 1285; x_wconf 81' lang='lat' dir='ltr'><strong>obligarent,</strong></span> <span class='ocrx_word' id='word_1_98' title='bbox 758 1217 833 1284; x_wconf 89' lang='lat' dir='ltr'><strong>quod</strong></span> <span class='ocrx_word' id='word_1_99' title='bbox 842 1218 885 1268; x_wconf 87' lang='lat' dir='ltr'><strong>in·</strong></span> 
     </span>
     <span class='ocr_line' id='line_1_16' title="bbox 87 1289 881 1360; baseline -0.003 -15"><span class='ocrx_word' id='word_1_100' title='bbox 87 1293 174 1360; x_wconf 86' lang='lat' dir='ltr'><strong>tegris</strong></span> <span class='ocrx_word' id='word_1_101' title='bbox 185 1291 361 1358; x_wconf 82' lang='lat' dir='ltr'><strong>patrimoniis</strong></span> <span class='ocrx_word' id='word_1_102' title='bbox 372 1289 547 1354; x_wconf 73' lang='lat' dir='ltr'><strong>exsulabant,</strong></span> <span class='ocrx_word' id='word_1_103' title='bbox 562 1291 732 1358; x_wconf 88' lang='lat' dir='ltr'><strong>parricidas,</strong></span> <span class='ocrx_word' id='word_1_104' title='bbox 742 1297 774 1342; x_wconf 91' lang='grc' dir='ltr'><strong>ιι1</strong></span> <span class='ocrx_word' id='word_1_105' title='bbox 785 1291 881 1343; x_wconf 82' lang='lat' dir='ltr'><strong>Cicero</strong></span> 
     </span>
     <span class='ocr_line' id='line_1_17' title="bbox 90 1363 883 1432; baseline -0.001 -15"><span class='ocrx_word' id='word_1_106' title='bbox 90 1367 200 1429; x_wconf 83' lang='lat' dir='ltr'><strong>scribit,</strong></span> <span class='ocrx_word' id='word_1_107' title='bbox 215 1365 298 1416; x_wconf 90' lang='lat' dir='ltr'><strong>bonis</strong></span> <span class='ocrx_word' id='word_1_108' title='bbox 309 1363 447 1427; x_wconf 88' lang='lat' dir='ltr'><strong>omuibus,</strong></span> <span class='ocrx_word' id='word_1_109' title='bbox 463 1364 586 1430; x_wconf 87' lang='lat' dir='ltr'><strong>reliquos</strong></span> <span class='ocrx_word' id='word_1_110' title='bbox 600 1364 717 1414; x_wconf 88' lang='lat' dir='ltr'><strong>dimidia</strong></span> <span class='ocrx_word' id='word_1_111' title='bbox 726 1371 804 1432; x_wconf 82' lang='lat' dir='ltr'><strong>parte</strong></span> <span class='ocrx_word' id='word_1_112' title='bbox 814 1365 883 1416; x_wconf 89' lang='lat' dir='ltr'><strong>mul·</strong></span> 
     </span>
     <span class='ocr_line' id='line_1_18' title="bbox 89 1441 168 1492; baseline -0.038 0"><span class='ocrx_word' id='word_1_113' title='bbox 89 1441 168 1492; x_wconf 90' lang='lat' dir='ltr'><strong>tavit.</strong></span> 
     </span>
    </p>

    <p class='ocr_par' dir='ltr' id='par_1_6' title="bbox 87 1510 948 2468">
     <span class='ocr_line' id='line_1_19' title="bbox 145 1510 948 1581; baseline 0 -17"><span class='ocrx_word' id='word_1_114' title='bbox 145 1511 247 1564; x_wconf 89' lang='lat' dir='ltr'><strong>XLlll.</strong></span> <span class='ocrx_word' id='word_1_115' title='bbox 266 1510 313 1561; x_wconf 90' lang='lat' dir='ltr'><strong>lus</strong></span> <span class='ocrx_word' id='word_1_116' title='bbox 327 1510 547 1562; x_wconf 87' lang='lat' dir='ltr'><strong>laboriosissime</strong></span> <span class='ocrx_word' id='word_1_117' title='bbox 562 1526 595 1563; x_wconf 84' lang='lat' dir='ltr'><strong>ae</strong></span> <span class='ocrx_word' id='word_1_118' title='bbox 613 1512 783 1566; x_wconf 89' lang='lat' dir='ltr'><strong>severissime</strong></span> <span class='ocrx_word' id='word_1_119' title='bbox 803 1512 883 1564; x_wconf 87' lang='lat' dir='ltr'><strong>dixit.</strong></span> <span class='ocrx_word' id='word_1_120' title='bbox 944 1572 948 1581; x_wconf 30' lang='lat'><strong>¹</strong></span> 
     </span>
     <span class='ocr_line' id='line_1_20' title="bbox 89 1577 883 1656; baseline 0.001 -17"><span class='ocrx_word' id='word_1_121' title='bbox 89 1585 465 1656; x_wconf 84' lang='lat' dir='ltr'><strong>Repetundammconvictos</strong></span> <span class='ocrx_word' id='word_1_122' title='bbox 475 1585 558 1636; x_wconf 87' lang='lat' dir='ltr'><strong>etiam</strong></span> <span class='ocrx_word' id='word_1_123' title='bbox 570 1577 665 1638; x_wconf 77' lang='lat' dir='ltr'><strong>ordine</strong></span> <span class='ocrx_word' id='word_1_124' title='bbox 676 1589 816 1640; x_wconf 87' lang='lat' dir='ltr'><strong>senatorio</strong></span> <span class='ocrx_word' id='word_1_125' title='bbox 825 1603 883 1640; x_wconf 91' lang='lat' dir='ltr'><strong>mo·</strong></span> 
     </span>
     <span class='ocr_line' id='line_1_21' title="bbox 88 1657 885 1750; baseline -0.001 -37"><span class='ocrx_word' id='word_1_126' title='bbox 88 1663 138 1714; x_wconf 80' lang='lat' dir='ltr'><strong>tit</strong></span> <span class='ocrx_word' id='word_1_127' title='bbox 177 1659 299 1710; x_wconf 80' lang='lat' dir='ltr'><strong>Drremrt</strong></span> <span class='ocrx_word' id='word_1_128' title='bbox 307 1659 419 1725; x_wconf 74' lang='lat' dir='ltr'><strong>nuptias</strong></span> <span class='ocrx_word' id='word_1_129' title='bbox 428 1660 563 1725; x_wconf 88' lang='lat' dir='ltr'><strong>praetoru</strong></span> <span class='ocrx_word' id='word_1_130' title='bbox 571 1676 633 1724; x_wconf 80' lang='lat' dir='ltr'><strong>van</strong></span> <span class='ocrx_word' id='word_1_131' title='bbox 646 1675 691 1728; x_wconf 83' lang='lat' dir='ltr'><strong>qut</strong></span> <span class='ocrx_word' id='word_1_132' title='bbox 685 1657 855 1750; x_wconf 84' lang='lat' dir='ltr'><strong>&#39;digressam</strong></span> <span class='ocrx_word' id='word_1_133' title='bbox 867 1676 885 1712; x_wconf 88' lang='lat' dir='ltr'><strong>a</strong></span> 
     </span>
     <span class='ocr_line' id='line_1_22' title="bbox 87 1732 884 1824; baseline -0.001 -37"><span class='ocrx_word' id='word_1_134' title='bbox 87 1736 191 1788; x_wconf 85' lang='lat' dir='ltr'><strong>marito</strong></span> <span class='ocrx_word' id='word_1_135' title='bbox 212 1739 276 1801; x_wconf 90' lang='lat' dir='ltr'><strong>post</strong></span> <span class='ocrx_word' id='word_1_136' title='bbox 293 1732 406 1784; x_wconf 86' lang='lat' dir='ltr'><strong>biduum</strong></span> <span class='ocrx_word' id='word_1_137' title='bbox 422 1733 516 1784; x_wconf 86' lang='lat' dir='ltr'><strong>statim</strong></span> <span class='ocrx_word' id='word_1_138' title='bbox 531 1733 659 1799; x_wconf 83' lang='grc'><strong>(11111111,</strong></span> <span class='ocrx_word' id='word_1_139' title='bbox 681 1737 809 1824; x_wconf 85' lang='lat' dir='ltr'><strong>quamvis</strong></span> <span class='ocrx_word' id='word_1_140' title='bbox 825 1736 884 1796; x_wconf 80' lang='lat' dir='ltr'><strong>sine</strong></span> 
     </span>
     <span class='ocr_line' id='line_1_23' title="bbox 87 1803 885 1878; baseline -0.003 -16"><span class='ocrx_word' id='word_1_141' title='bbox 87 1810 187 1878; x_wconf 89' lang='lat' dir='ltr'><strong>probri</strong></span> <span class='ocrx_word' id='word_1_142' title='bbox 197 1807 363 1876; x_wconf 85' lang='lat' dir='ltr'><strong>suspicione.</strong></span> <span class='ocrx_word' id='word_1_143' title='bbox 397 1806 606 1872; x_wconf 81' lang='lat' dir='ltr'><strong>Peregrinarum</strong></span> <span class='ocrx_word' id='word_1_144' title='bbox 617 1810 746 1860; x_wconf 91' lang='lat' dir='ltr'><strong>mercium</strong></span> <span class='ocrx_word' id='word_1_145' title='bbox 757 1803 885 1876; x_wconf 87' lang='lat' dir='ltr'><strong>portoria</strong></span> 
     </span>
     <span class='ocr_line' id='line_1_24' title="bbox 87 1877 884 1950; baseline -0.001 -15"><span class='ocrx_word' id='word_1_146' title='bbox 87 1883 221 1936; x_wconf 84' lang='lat' dir='ltr'><strong>instituit.</strong></span> <span class='ocrx_word' id='word_1_147' title='bbox 260 1877 433 1932; x_wconf 75' lang='lat' dir='ltr'><strong>Lecticamm</strong></span> <span class='ocrx_word' id='word_1_148' title='bbox 444 1897 535 1945; x_wconf 90' lang='lat' dir='ltr'><strong>usum,</strong></span> <span class='ocrx_word' id='word_1_149' title='bbox 556 1884 629 1934; x_wconf 87' lang='lat' dir='ltr'><strong>item</strong></span> <span class='ocrx_word' id='word_1_150' title='bbox 637 1882 830 1950; x_wconf 83' lang='lat' dir='ltr'><strong>conchyliatae</strong></span> <span class='ocrx_word' id='word_1_151' title='bbox 840 1899 884 1934; x_wconf 87' lang='lat' dir='ltr'><strong>re-</strong></span> 
     </span>
     <span class='ocr_line' id='line_1_25' title="bbox 88 1955 884 2024; baseline 0 -15"><span class='ocrx_word' id='word_1_152' title='bbox 88 1959 140 2009; x_wconf 88' lang='lat' dir='ltr'><strong>stis</strong></span> <span class='ocrx_word' id='word_1_153' title='bbox 151 1963 180 2009; x_wconf 88' lang='lat' dir='ltr'><strong>et</strong></span> <span class='ocrx_word' id='word_1_154' title='bbox 192 1955 418 2022; x_wconf 84' lang='lat' dir='ltr'><strong>margaritarum,</strong></span> <span class='ocrx_word' id='word_1_155' title='bbox 439 1955 493 2005; x_wconf 89' lang='lat' dir='ltr'><strong>uisi</strong></span> <span class='ocrx_word' id='word_1_156' title='bbox 509 1957 590 2006; x_wconf 86' lang='lat' dir='ltr'><strong>certis</strong></span> <span class='ocrx_word' id='word_1_157' title='bbox 605 1959 731 2024; x_wconf 89' lang='lat' dir='ltr'><strong>personis</strong></span> <span class='ocrx_word' id='word_1_158' title='bbox 746 1963 774 2008; x_wconf 92' lang='lat' dir='ltr'><strong>et</strong></span> <span class='ocrx_word' id='word_1_159' title='bbox 788 1957 884 2010; x_wconf 85' lang='lat' dir='ltr'><strong>aetati-</strong></span> 
     </span>
     <span class='ocr_line' id='line_1_26' title="bbox 88 2028 885 2098; baseline -0.001 -15"><span class='ocrx_word' id='word_1_160' title='bbox 88 2033 156 2095; x_wconf 87' lang='lat' dir='ltr'><strong>bus,</strong></span> <span class='ocrx_word' id='word_1_161' title='bbox 171 2045 274 2098; x_wconf 87' lang='lat' dir='ltr'><strong>perque</strong></span> <span class='ocrx_word' id='word_1_162' title='bbox 285 2033 375 2080; x_wconf 87' lang='lat' dir='ltr'><strong>certos</strong></span> <span class='ocrx_word' id='word_1_163' title='bbox 386 2028 457 2093; x_wconf 90' lang='lat' dir='ltr'><strong>dies,</strong></span> <span class='ocrx_word' id='word_1_164' title='bbox 474 2029 586 2081; x_wconf 86' lang='lat' dir='ltr'><strong>ademit</strong></span> <span class='ocrx_word' id='word_1_165' title='bbox 624 2030 726 2098; x_wconf 82' lang='lat' dir='ltr'><strong>Legem</strong></span> <span class='ocrx_word' id='word_1_166' title='bbox 737 2031 885 2098; x_wconf 86' lang='lat' dir='ltr'><strong>praecipue</strong></span> 
     </span>
     <span class='ocr_line' id='line_1_27' title="bbox 89 2099 885 2190; baseline 0 -34"><span class='ocrx_word' id='word_1_167' title='bbox 89 2104 290 2190; x_wconf 80' lang='lat' dir='ltr'><strong>sumptuariam</strong></span> <span class='ocrx_word' id='word_1_168' title='bbox 302 2103 432 2166; x_wconf 73' lang='lat' dir='ltr'><strong>exertant,</strong></span> <span class='ocrx_word' id='word_1_169' title='bbox 445 2102 588 2170; x_wconf 79' lang='lat' dir='ltr'><strong>dispositis</strong></span> <span class='ocrx_word' id='word_1_170' title='bbox 600 2107 674 2156; x_wconf 89' lang='lat' dir='ltr'><strong>circa</strong></span> <span class='ocrx_word' id='word_1_171' title='bbox 683 2099 828 2156; x_wconf 86' lang='lat' dir='ltr'><strong>macellum</strong></span> <span class='ocrx_word' id='word_1_172' title='bbox 840 2119 885 2156; x_wconf 89' lang='lat' dir='ltr'><strong>cu-</strong></span> 
     </span>
     <span class='ocr_line' id='line_1_28' title="bbox 88 2177 885 2256; baseline -0.001 -25"><span class='ocrx_word' id='word_1_173' title='bbox 88 2179 232 2256; x_wconf 78' lang='lat' dir='ltr'><strong>stodibus,</strong></span> <span class='ocrx_word' id='word_1_174' title='bbox 244 2193 293 2244; x_wconf 88' lang='lat' dir='ltr'><strong>qm</strong></span> <span class='ocrx_word' id='word_1_175' title='bbox 283 2177 420 2228; x_wconf 89' lang='lat' dir='ltr'><strong>&#39;obsonia</strong></span> <span class='ocrx_word' id='word_1_176' title='bbox 431 2183 527 2228; x_wconf 87' lang='lat' dir='ltr'><strong>contra</strong></span> <span class='ocrx_word' id='word_1_177' title='bbox 539 2179 653 2230; x_wconf 85' lang='lat' dir='ltr'><strong>vetitum</strong></span> <span class='ocrx_word' id='word_1_178' title='bbox 663 2179 823 2243; x_wconf 86' lang='lat' dir='ltr'><strong>retinerent,</strong></span> <span class='ocrx_word' id='word_1_179' title='bbox 839 2178 885 2230; x_wconf 86' lang='grc'><strong>(11</strong></span> 
     </span>
     <span class='ocr_line' id='line_1_29' title="bbox 89 2243 885 2321; baseline 0 -17"><span class='ocrx_word' id='word_1_180' title='bbox 89 2243 288 2321; x_wconf 83' lang='lat' dir='ltr'><strong>portarentque</strong></span> <span class='ocrx_word' id='word_1_181' title='bbox 299 2250 334 2300; x_wconf 88' lang='lat' dir='ltr'><strong>ad</strong></span> <span class='ocrx_word' id='word_1_182' title='bbox 345 2266 387 2314; x_wconf 92' lang='lat' dir='ltr'><strong>se,</strong></span> <span class='ocrx_word' id='word_1_183' title='bbox 408 2252 560 2302; x_wconf 88' lang='lat' dir='ltr'><strong>summissis</strong></span> <span class='ocrx_word' id='word_1_184' title='bbox 574 2266 769 2319; x_wconf 88' lang='lat' dir='ltr'><strong>nonnunquam</strong></span> <span class='ocrx_word' id='word_1_185' title='bbox 780 2251 885 2304; x_wconf 88' lang='lat' dir='ltr'><strong>lictori-</strong></span> 
     </span>
     <span class='ocr_line' id='line_1_30' title="bbox 88 2323 885 2393; baseline -0.003 -14"><span class='ocrx_word' id='word_1_186' title='bbox 88 2329 141 2379; x_wconf 88' lang='lat' dir='ltr'><strong>bus</strong></span> <span class='ocrx_word' id='word_1_187' title='bbox 153 2333 238 2393; x_wconf 81' lang='lat' dir='ltr'><strong>atque</strong></span> <span class='ocrx_word' id='word_1_188' title='bbox 247 2324 390 2388; x_wconf 89' lang='lat' dir='ltr'><strong>militibus,</strong></span> <span class='ocrx_word' id='word_1_189' title='bbox 402 2326 462 2391; x_wconf 90' lang='lat' dir='ltr'><strong>qui,</strong></span> <span class='ocrx_word' id='word_1_190' title='bbox 474 2326 499 2375; x_wconf 90' lang='lat' dir='ltr'><strong>si</strong></span> <span class='ocrx_word' id='word_1_191' title='bbox 510 2342 565 2392; x_wconf 85' lang='lat' dir='ltr'><strong>qua</strong></span> <span class='ocrx_word' id='word_1_192' title='bbox 576 2326 704 2378; x_wconf 89' lang='lat' dir='ltr'><strong>custodes</strong></span> <span class='ocrx_word' id='word_1_193' title='bbox 714 2323 885 2390; x_wconf 79' lang='lat' dir='ltr'><strong>fefellissent,</strong></span> 
     </span>
     <span class='ocr_line' id='line_1_31' title="bbox 90 2397 606 2468; baseline -0.004 -15"><span class='ocrx_word' id='word_1_194' title='bbox 90 2403 147 2454; x_wconf 88' lang='lat' dir='ltr'><strong>iam</strong></span> <span class='ocrx_word' id='word_1_195' title='bbox 159 2399 290 2468; x_wconf 89' lang='lat' dir='ltr'><strong>apposita</strong></span> <span class='ocrx_word' id='word_1_196' title='bbox 301 2397 446 2450; x_wconf 84' lang='lat' dir='ltr'><strong>etticlinio</strong></span> <span class='ocrx_word' id='word_1_197' title='bbox 458 2398 606 2452; x_wconf 86' lang='lat' dir='ltr'><strong>auferrent.</strong></span> 
     </span>
    </p>

    <p class='ocr_par' dir='ltr' id='par_1_7' title="bbox 13 2471 888 2690">
     <span class='ocr_line' id='line_1_32' title="bbox 145 2471 886 2541; baseline -0.004 -14"><span class='ocrx_word' id='word_1_198' title='bbox 145 2473 249 2527; x_wconf 79' lang='lat' dir='ltr'><strong>XLIV.</strong></span> <span class='ocrx_word' id='word_1_199' title='bbox 273 2471 342 2523; x_wconf 87' lang='lat' dir='ltr'><strong>Nam</strong></span> <span class='ocrx_word' id='word_1_200' title='bbox 369 2472 402 2523; x_wconf 90' lang='lat' dir='ltr'><strong>de</strong></span> <span class='ocrx_word' id='word_1_201' title='bbox 427 2472 552 2526; x_wconf 85' lang='lat' dir='ltr'><strong>ornanda</strong></span> <span class='ocrx_word' id='word_1_202' title='bbox 570 2473 786 2541; x_wconf 84' lang='lat' dir='ltr'><strong>instnrendaque</strong></span> <span class='ocrx_word' id='word_1_203' title='bbox 802 2473 886 2537; x_wconf 86' lang='lat' dir='ltr'><strong>Urbe,</strong></span> 
     </span>
     <span class='ocr_line' id='line_1_33' title="bbox 89 2545 885 2615; baseline -0.008 -14"><span class='ocrx_word' id='word_1_204' title='bbox 89 2551 154 2602; x_wconf 91' lang='lat' dir='ltr'><strong>item</strong></span> <span class='ocrx_word' id='word_1_205' title='bbox 167 2549 202 2602; x_wconf 89' lang='lat' dir='ltr'><strong>de</strong></span> <span class='ocrx_word' id='word_1_206' title='bbox 212 2545 317 2600; x_wconf 86' lang='lat' dir='ltr'><strong>tuendo</strong></span> <span class='ocrx_word' id='word_1_207' title='bbox 329 2545 543 2614; x_wconf 87' lang='lat' dir='ltr'><strong>ampliandoque</strong></span> <span class='ocrx_word' id='word_1_208' title='bbox 552 2548 684 2615; x_wconf 85' lang='lat' dir='ltr'><strong>imperio,</strong></span> <span class='ocrx_word' id='word_1_209' title='bbox 694 2548 775 2614; x_wconf 83' lang='lat' dir='ltr'><strong>plura</strong></span> <span class='ocrx_word' id='word_1_210' title='bbox 785 2561 819 2597; x_wconf 86' lang='lat' dir='ltr'><strong>ac</strong></span> <span class='ocrx_word' id='word_1_211' title='bbox 827 2560 885 2596; x_wconf 88' lang='lat' dir='ltr'><strong>ma-</strong></span> 
     </span>
     <span class='ocr_line' id='line_1_34' title="bbox 13 2617 888 2690; baseline -0.014 -13"><span class='ocrx_word' id='word_1_212' title='bbox 13 2672 15 2686; x_wconf 89' lang='grc'><strong>,</strong></span> <span class='ocrx_word' id='word_1_213' title='bbox 90 2623 153 2676; x_wconf 83' lang='lat' dir='ltr'><strong>isra</strong></span> <span class='ocrx_word' id='word_1_214' title='bbox 171 2624 203 2676; x_wconf 89' lang='lat' dir='ltr'><strong>in</strong></span> <span class='ocrx_word' id='word_1_215' title='bbox 224 2621 285 2673; x_wconf 87' lang='lat' dir='ltr'><strong>dies</strong></span> <span class='ocrx_word' id='word_1_216' title='bbox 305 2619 474 2673; x_wconf 83' lang='lat' dir='ltr'><strong>destinabat:</strong></span> <span class='ocrx_word' id='word_1_217' title='bbox 497 2621 624 2690; x_wconf 88' lang='lat' dir='ltr'><strong>inprimis</strong></span> <span class='ocrx_word' id='word_1_218' title='bbox 633 2621 733 2674; x_wconf 86' lang='lat' dir='ltr'><strong>Martis</strong></span> <span class='ocrx_word' id='word_1_219' title='bbox 746 2617 888 2684; x_wconf 85' lang='lat' dir='ltr'><strong>templum,</strong></span> 
     </span>
    </p>
   </div>
   <div class='ocr_carea' id='block_1_6' title="bbox 0 0 991 2970">
    <p class='ocr_par' dir='ltr' id='par_1_8' title="bbox 0 0 991 2970">
     <span class='ocr_line' id='line_1_35' title="bbox 0 0 991 2970; baseline 0 0"><span class='ocrx_word' id='word_1_220' title='bbox 0 0 991 2970; x_wconf 95' lang='lat' dir='ltr'><strong> </strong></span> 
     </span>
    </p>
   </div>
  </div>
 </body>
</html>
