1964 2962
260 128 306 176 DE
325 127 438 176 cneius
455 127 670 176 RHETORIBUS.
813 125 863 178 359

27 275 35 284 ·
72 249 401 322 eiiefolloce'ameeloeuut.
440 247 552 301 Romam
562 249 684 302 renitor:
702 264 744 302 ree
755 237 863 318 cognite

7 329 8 338 ’
56 334 124 378 ·est.·
137 323 240 392 petitur
245 339 321 390 puer,
334 323 404 390 quod
412 322 511 374 domici
518 322 744 394 voiuntatefuere't
751 322 824 385 deber,
835 323 864 375 ἐκ

72 398 249 452 libertatem·
281 396 354 448 Olim
374 402 464 449 autem
484 411 531 447 eas
551 396 735 464 appellatione
756 395 865 448 Graeca

72 470 372 525 ovettoeu'vocabant:
392 483 457 522 mox
471 470 660 522 coutroversiae
674 470 798 536 quidem,
814 469 863 522 sed

73 551 121 598 aut
133 543 230 613 fictos,
247 549 296 596 aut
307 543 451 596 iudiciales.
489 543 613 595 illustres
631 543 815 611 professores,
836 549 865 596 et

6 623 8 630 '
73 633 189 686 quorum
199 618 332 670 memoria
342 617 435 685 aliqua
446 623 541 682 exstet
552 633 608 669 non
617 623 717 670 temere
728 617 779 669 aiii
787 631 864 684 repe·

72 693 184 756 rientur,
196 707 277 759 quam
287 691 321 744 de
331 693 429 761 quibus
439 687 556 743 tradam.

129 764 163 816 li.
184 765 217 816 L.
229 763 358 816 Pronus
380 765 507 817 Guneus·
546 765 588 816 De
601 763 655 816 boe
669 763 766 817 Cicero
778 764 813 816 ud
822 763 863 816 M.
968 784 971 788 ·

4 833 5 840 ’
72 839 206 890 Titinium
221 839 262 890 sic
271 838 371 894 refert:
391 839 521 907 Equidem
536 838 661 900 memorio
675 847 761 900 teneo,
772 838 864 906 punis

72 912 271 981 oebe'e'pre'mum
280 913 378 966 Latine
387 914 478 966 dooere
492 912 603 980 coepieee
612 912 646 964 Β.
659 911 775 964 Plotium
785 919 864 978 puere-

74 989 154 1038 dom.-
173 987 209 1038 od
218 1001 292 1054 quem
303 1004 382 1054 quum
388 987 632 1058 fiereteoucureue,
648 986 718 1054 puod
731 985 865 1038 etudioeie·

4 1073 8 1098 ³
74 1061 154 1113 simus
168 1061 274 1128 quisque
291 1062 363 1130 opud
378 1077 436 1114 eum
454 1069 630 1123 exerceretur,
651 1059 779 1123 dolebam,
799 1059 867 1112 mitt

4 1143 5 1148 ’
73 1135 296 1188 idemeoub'oere.
336 1132 866 1188 Coutiueborautemdeete‘eee'moremde-
939 1169 943 1179 ·

74 1209 172 1265 micum
182 1208 340 1262 auctoritate
344 1244 353 1271 ,
365 1209 411 1275 pue'
420 1208 607 1260 existimbotu
617 1207 726 1260 Graecis
736 1207 865 1261 exerun-

74 1283 186 1338 tiom'boe
197 1283 235 1334 oie·
242 1282 333 1334 meiius
342 1281 450 1350 iugenio
456 1297 541 1349 poree.
570 1283 652 1334 Hunc
663 1281 777 1334 eundem
787 1284 866 1346 (uem

73 1357 227 1408 diutissime
236 1357 317 1420 vixit)
328 1355 367 1406 Μ.
374 1356 484 1408 Coelius
494 1357 523 1406 in
534 1357 669 1420 oratione,
681 1371 763 1425 quam
773 1371 823 1423 pro
835 1367 865 1430 se

74 1431 109 1482 do
121 1430 151 1493 vi
155 1429 272 1495 babuit,
288 1430 463 1498 significabat
472 1429 591 1482 dictasse
600 1431 741 1495 Atratino,
752 1444 864 1482 accusa·

74 1505 130 1555 tori
143 1519 207 1569 erro,
223 1505 377 1558 actionem:
401 1505 596 1571 subtractoque
615 1505 737 1568 nomine,
753 1502 864 1555 terdec-

75 1576 143 1630 re'unr
153 1593 214 1629 eum
224 1577 360 1632 rhetorem
370 1578 499 1648 appellat,
512 1577 646 1644 deridens,
656 1584 688 1630 ut
696 1577 820 1630 iniiatum
831 1589 866 1630 eo

73 1651 357 1706 levemetsordidnm.
613 1702 616 1706 .

129 1725 176 1777 iil.
187 1725 220 1777 L.
231 1727 391 1778 ornemus
401 1725 522 1780 Pmmus
532 1727 650 1781 servisse
660 1726 771 1789 dicitnr,
783 1730 867 1794 atque

4 1815 6 1864 ξ
74 1800 156 1856 etiem
168 1801 307 1866 ostiarius,
317 1807 408 1854 vetere
417 1816 503 1867 more,
512 1801 541 1852 in
553 1808 649 1854 catena
659 1801 758 1852 fuisse:
770 1799 866 1863 donec,

75 1876 111 1928 'ob
122 1875 260 1942 ingenium
270 1880 299 1927 et
311 1867 432 1927 studium
446 1876 599 1928 litterarum
610 1874 806 1937 manumissus,
822 1887 868 1924 ao·

75 1949 181 2000 curanti
191 1955 308 2016 patrono
319 1950 491 2017 subscripsit.
511 1949 618 2002 Deinde
628 1948 793 2001 rhetoricam
802 1961 866 2014 pro·

74 2021 176 2084 fessus,
196 2023 245 2072 Cu.
265 2020 426 2089 Pompeium
444 2021 576 2088 Magnum
597 2023 704 2086 docuit,
724 2020 867 2089 patrieque

4 2137 6 2142 .
75 2095 141 2147 eius
149 2108 193 2144 res
207 2099 312 2160 gestos,
323 2108 374 2146 nee
382 2096 473 2146 minus
481 2096 578 2162 ipsius,
591 2095 779 2164 compluribus
788 2094 868 2146 tibris

4 2209 6 2234 p
75 2167 219 2234 exposuit:
239 2167 343 2234 primus
357 2169 477 2219 omnium
498 2169 703 2242 libertinorum,
721 2174 753 2221 ut
766 2169 868 2222 Corne·

75 2241 129 2292 iius
142 2239 236 2309 Nepos
250 2241 392 2307 opinator,
411 2241 530 2294 scribere
544 2237 687 2311 historiam
703 2258 795 2307 orsus,
811 2255 869 2294 non

5 2375 6 2378 Ἴ
74 2313 630 2382 uisiebhonestiseimoqubquesoiitnm.
889 2323 894 2332 '

130 2388 178 2442 IV.
197 2389 240 2441 Ad
252 2389 282 2440 id
291 2394 398 2456 tempus
407 2387 538 2454 Erimus,
550 2389 816 2453 carlummannum,
827 2388 869 2441 lu·
977 2437 978 2440 ,

76 2463 140 2518 dum
161 2464 272 2518 dicendi
291 2463 415 2532 aperuit3
444 2462 593 2532 docuitque
612 2463 684 2515 inter
703 2470 810 2516 ceteros
827 2462 868 2516 Μ.

4 2533 5 2546 ’
75 2541 223 2592 Antonium
235 2545 262 2592 et
271 2539 431 2607 Augustum.
471 2536 577 2600 Quibus
588 2536 726 2606 quondam
737 2534 766 2588 0.
780 2535 868 2588 Curru-

77 2613 142 2682 tiue,
163 2615 357 2670 obiicientibus
372 2611 439 2681 eibi,
459 2612 534 2686 quod
553 2614 582 2666 in
597 2611 738 2682 republica
751 2608 870 2668 edmiuie
