1986 2960
227 74 422 124 centenus.
457 79 668 124 esaan-as.
801 80 851 132 1⁷1
896 67 937 110 ν’

41 199 163 252 Romae
179 195 329 251 honoribus
343 197 475 251 lemanum.
513 198 597 250 Asiae
611 198 746 253 Antoniae
764 216 851 256 seere-

40 281 108 324 tum
132 273 239 340 petenti
259 273 415 338 denegavit,
435 273 491 323 nisi
509 279 540 324 nt
558 273 734 326 interveniret
746 275 849 329 ‘Macro

41 346 221 415 praefectus.
259 347 298 398 Ae
307 361 357 415 per
365 346 710 412 latirumodiindignltates
721 353 748 398 et
756 349 850 400 taedia

43 418 141 473 causa
151 421 258 472 exstitit
268 421 377 482 mortim
392 420 458 471 dato
469 425 569 483 tamen,
579 425 611 470 ut
620 419 731 486 quidam
742 427 848 488 putant,

42 495 139 546 etiam
158 507 273 545 veneno.
312 493 369 545 Nee
388 493 532 544 defimetae
551 493 638 544 ullrrm
652 491 784 546 honorem
799 493 847 546 ha-

41 569 124 620 buitz
145 566 499 635 prospexitqueetriclinio
510 565 648 618 ardentem
658 581 764 634 rogum.
779 567 846 620 Fra·
945 623 952 634 ,

42 640 270 692 tresnTib‘em'um
280 641 475 708 inopinantem,
480 645 589 708 repente
599 637 722 692 immisso
733 641 845 694 tribune

44 715 181 778 militum,
192 715 338 771 interemit.
364 713 487 766 Silanum
496 715 561 765 item
571 729 696 766 socerum
707 713 742 765 ad
749 730 845 766 necem

11 823 15 832 ·
46 787 241 856 secandasque
254 787 390 839 novacula
403 786 496 838 fauce's
511 787 655 856 compulit:
677 789 844 842 eematusia

45 869 185 930 utroque,
206 861 281 930 quod
294 859 340 912 hie
352 862 504 928 ingressum
518 862 694 912 seturbatius
705 877 779 913 nrare
788 878 845 914 nen

48 941 126 988 esset
135 941 259 1000 secutus,
280 949 313 986 ae
322 951 370 1003 spe
381 934 535 1002 oeerrpandi
544 934 656 999 Urbem,
676 937 701 986 si
715 935 782 1004 quid
792 937 845 987 sibi
908 947 909 952 ’

50 1024 101 1078 per
110 1014 288 1077 tempestates
302 1009 449 1080 accideret,
470 1008 657 1070 remansissem
675 1008 724 1060 ille
738 1009 846 1062 antide-

49 1091 110 1133 tum
132 1082 297 1146 ebolulsset,
318 1083 398 1150 quasi
417 1082 454 1132 ad
472 1081 661 1149 praecavenda
678 1096 782 1146 venena
795 1097 847 1134 sua

51 1161 204 1223 sumptum:
234 1171 317 1224 quarm
336 1163 364 1208 et
378 1155 487 1208 Silanus
506 1155 707 1224 impatientiam
726 1170 846 1208 nauseae
870 1209 873 1217 ,

50 1231 205 1288 vitassetet
214 1230 368 1281 molestiam
381 1229 542 1296 navigandi,
558 1235 586 1280 et
595 1229 722 1280 'liberius
733 1237 860 1298 proptera

53 1303 194 1354 assiduam
217 1309 244 1356 et
266 1304 498 1371 ingraveseentem
520 1303 618 1354 tussim
644 1302 843 1356 medicamento

51 1391 119 1427 usus
134 1383 217 1429 esset«
233 1412 236 1418 ,
252 1377 324 1440 Nam
341 1375 540 1444 [sureeesserem
558 1375 681 1444 imperii]
698 1375 843 1430 claudium

52 1457 179 1517 lranurrm
190 1465 245 1503 nou
255 1450 506 1504 nisiinludibrium
516 1450 675 1502 reservavit.
700 1503 709 1516 ,

108 1521 209 1575 xxiv.
229 1524 298 1576 cum
313 1525 439 1576 omnibus
454 1524 598 1576 serenius
612 1524 670 1576 stris
680 1525 769 1592 smpri
779 1540 843 1578 eon·

55 1596 225 1652 suetudinem
238 1597 316 1661 lecit3
340 1599 476 1666 plenoque
492 1597 618 1650 convivio
633 1597 756 1664 singulas
769 1599 843 1652 inira

24 1724 29 1732 ,
54 1687 84 1721 se
92 1671 213 1722 vicissim
223 1671 387 1736 collocabat,
398 1687 486 1735 uxore
495 1687 579 1740 supra
589 1671 714 1724 cubante.
747 1671 843 1724 Exhis

54 1743 204 1796 Drusillam
212 1743 776 1814 vitiasserirgiuempraetextatnsadhue,
786 1761 843 1798 ere·

54 1818 136 1880 ditur,
147 1825 228 1887 atque
238 1821 321 1871 etlam
330 1821 360 1872 in
370 1821 519 1874 eonenbitn
528 1820 587 1872 eius
598 1819 737 1887 quondam
748 1819 842 1886 depre-

54 1890 152 1943 hensus
162 1893 196 1945 ab
207 1894 407 1958 salomonia,
420 1892 492 1961 apud
503 1908 585 1960 quam
595 1892 678 1944 simul
687 1892 841 1944 educaban-¹

53 1971 106 2017 tur.
141 1965 210 2018 Mox
219 1965 309 2020 Lueio
320 1967 416 2019 Cassio
426 1967 555 2034 Longino
570 1965 712 2018 consulari
721 1964 840 2018 colloca·

52 2045 108 2090 tam
122 2040 248 2105 abduxit,
269 2047 296 2092 et
309 2042 339 2092 in
352 2041 464 2093 niodum
476 2042 567 2094 iustae
580 2040 676 2092 uxoris
694 2036 841 2106 propalam

52 2112 154 2165 habuit.
192 2113 328 2186 Heredem
346 2130 455 2184 quoque
475 2115 611 2168 bonorum
631 2118 712 2180 atque
731 2112 841 2178 imperii

53 2201 132 2254 aeger
140 2188 267 2240 destituit.
305 2185 560 2253 Eademdefuneta,
580 2187 717 2245 iustitium
726 2185 841 2248 indixita

52 2261 80 2311 in
90 2277 143 2328 que
153 2262 247 2314 rislam
251 2299 260 2325 ,
280 2261 393 2325 lavisse,
406 2277 537 2316 manasse
548 2277 610 2314 eum
619 2261 779 2330 parentibus
790 2266 840 2313 aeut

54 2335 165 2402 coniuge
180 2335 320 2401 liberisue,
334 2334 444 2402 -eapital
456 2335 518 2388 luit.
555 2337 594 2387 Ae
609 2335 742 2387 maeroris
752 2335 839 2402 impa-

53 2408 132 2473 tiens,
152 2425 236 2478 quum
248 2416 359 2478 repente
373 2415 510 2477 noctuque
524 2408 692 2476 profugisset
707 2409 742 2460 ab
756 2409 839 2471 Urbe,

52 2482 659 2552 transcurrissetquecarmaniam,Syracusas
667 2483 755 2548 petiit.
770 2482 838 2533 Rur-

54 2556 838 2628 orisqueindepropererediit,bar-baeapillequepromisso.
