<?xml version="1.0" encoding="UTF-8"?>
<!DOCTYPE html PUBLIC "-//W3C//DTD XHTML 1.0 Transitional//EN"
    "http://www.w3.org/TR/xhtml1/DTD/xhtml1-transitional.dtd">
<html xmlns="http://www.w3.org/1999/xhtml" xml:lang="en" lang="en">
 <head>
  <title>
</title>
<meta http-equiv="Content-Type" content="text/html;charset=utf-8" />
  <meta name='ocr-system' content='tesseract 3.04.00' />
  <meta name='ocr-capabilities' content='ocr_page ocr_carea ocr_par ocr_line ocrx_word'/>
</head>
<body>
  <div class='ocr_page' id='page_1' title='image "./csuetoniitranqu00weisgoog_0022.png"; bbox 0 0 1964 2970; ppageno 0'>
   <div class='ocr_carea' id='block_1_1' title="bbox 138 35 695 130">
    <p class='ocr_par' dir='ltr' id='par_1_1' title="bbox 138 35 695 130">
     <span class='ocr_line' id='line_1_1' title="bbox 138 35 695 130; baseline -0.016 0"><span class='ocrx_word' id='word_1_1' title='bbox 138 81 171 130; x_wconf 82' lang='grc'>11</span> <span class='ocrx_word' id='word_1_2' title='bbox 398 80 426 126; x_wconf 82' lang='grc'>1.</span> <span class='ocrx_word' id='word_1_3' title='bbox 450 77 636 127; x_wconf 80' lang='grc'>11111111</span> <span class='ocrx_word' id='word_1_4' title='bbox 693 35 695 46; x_wconf 63' lang='grc'><em>’</em></span> 
     </span>
    </p>
   </div>
   <div class='ocr_carea' id='block_1_2' title="bbox 37 199 944 2646">
    <p class='ocr_par' dir='ltr' id='par_1_2' title="bbox 49 199 944 270">
     <span class='ocr_line' id='line_1_2' title="bbox 49 199 944 270; baseline -0.001 -18"><span class='ocrx_word' id='word_1_5' title='bbox 49 239 51 244; x_wconf 81' lang='grc'>.</span> <span class='ocrx_word' id='word_1_6' title='bbox 137 215 276 270; x_wconf 83' lang='lat' dir='ltr'>quoquam</span> <span class='ocrx_word' id='word_1_7' title='bbox 287 205 410 268; x_wconf 84' lang='lat' dir='ltr'>reperto,</span> <span class='ocrx_word' id='word_1_8' title='bbox 431 201 480 268; x_wconf 83' lang='lat' dir='ltr'>qul</span> <span class='ocrx_word' id='word_1_9' title='bbox 494 215 576 267; x_wconf 84' lang='lat' dir='ltr'>super</span> <span class='ocrx_word' id='word_1_10' title='bbox 589 199 644 250; x_wconf 80' lang='lat' dir='ltr'>tali</span> <span class='ocrx_word' id='word_1_11' title='bbox 656 199 883 252; x_wconf 70' lang='lat' dir='ltr'>consternatione</span> <span class='ocrx_word' id='word_1_12' title='bbox 894 213 944 252; x_wconf 86' lang='lat' dir='ltr'>re</span> 
     </span>
    </p>

    <p class='ocr_par' dir='ltr' id='par_1_3' title="bbox 37 272 944 564">
     <span class='ocr_line' id='line_1_3' title="bbox 37 272 944 341; baseline -0.004 -11"><span class='ocrx_word' id='word_1_13' title='bbox 37 325 39 330; x_wconf 85' lang='lat'><em>.</em></span> <span class='ocrx_word' id='word_1_14' title='bbox 136 276 208 328; x_wconf 85' lang='lat' dir='ltr'>ferre</span> <span class='ocrx_word' id='word_1_15' title='bbox 219 281 267 326; x_wconf 84' lang='lat' dir='ltr'>aut</span> <span class='ocrx_word' id='word_1_16' title='bbox 277 290 386 326; x_wconf 85' lang='lat' dir='ltr'>censere</span> <span class='ocrx_word' id='word_1_17' title='bbox 398 274 504 341; x_wconf 81' lang='lat' dir='ltr'>aliquid</span> <span class='ocrx_word' id='word_1_18' title='bbox 516 274 637 337; x_wconf 87' lang='lat' dir='ltr'>auderet,</span> <span class='ocrx_word' id='word_1_19' title='bbox 643 273 738 340; x_wconf 88' lang='lat' dir='ltr'>quaha</span> <span class='ocrx_word' id='word_1_20' title='bbox 747 272 836 324; x_wconf 89' lang='lat' dir='ltr'>multa</span> <span class='ocrx_word' id='word_1_21' title='bbox 847 287 944 340; x_wconf 84' lang='lat' dir='ltr'>saepe</span> 
     </span>
     <span class='ocr_line' id='line_1_4' title="bbox 135 347 943 414; baseline -0.005 -12"><span class='ocrx_word' id='word_1_22' title='bbox 135 353 165 402; x_wconf 85' lang='lat' dir='ltr'>in</span> <span class='ocrx_word' id='word_1_23' title='bbox 175 349 325 402; x_wconf 84' lang='lat' dir='ltr'>levioribus</span> <span class='ocrx_word' id='word_1_24' title='bbox 335 349 424 400; x_wconf 84' lang='lat' dir='ltr'>turbis</span> <span class='ocrx_word' id='word_1_25' title='bbox 439 349 549 400; x_wconf 83' lang='lat' dir='ltr'>decreta</span> <span class='ocrx_word' id='word_1_26' title='bbox 563 353 653 412; x_wconf 87' lang='lat' dir='ltr'>erant,</span> <span class='ocrx_word' id='word_1_27' title='bbox 668 349 697 398; x_wconf 87' lang='lat' dir='ltr'>in</span> <span class='ocrx_word' id='word_1_28' title='bbox 706 361 772 399; x_wconf 84' lang='lat' dir='ltr'>eam</span> <span class='ocrx_word' id='word_1_29' title='bbox 779 347 876 414; x_wconf 78' lang='lat' dir='ltr'>coegit</span> <span class='ocrx_word' id='word_1_30' title='bbox 886 347 943 398; x_wconf 88' lang='lat' dir='ltr'>de-</span> 
     </span>
     <span class='ocr_line' id='line_1_5' title="bbox 134 421 942 490; baseline -0.006 -15"><span class='ocrx_word' id='word_1_31' title='bbox 134 425 327 490; x_wconf 85' lang='lat' dir='ltr'>sperationem,</span> <span class='ocrx_word' id='word_1_32' title='bbox 338 429 377 486; x_wconf 88' lang='lat' dir='ltr'>ut,</span> <span class='ocrx_word' id='word_1_33' title='bbox 389 421 481 490; x_wconf 72' lang='lat' dir='ltr'>quoad</span> <span class='ocrx_word' id='word_1_34' title='bbox 491 427 627 488; x_wconf 80' lang='lat' dir='ltr'>potestate</span> <span class='ocrx_word' id='word_1_35' title='bbox 639 422 738 486; x_wconf 86' lang='lat' dir='ltr'>abiret,</span> <span class='ocrx_word' id='word_1_36' title='bbox 755 421 839 474; x_wconf 91' lang='lat' dir='ltr'>domo</span> <span class='ocrx_word' id='word_1_37' title='bbox 851 421 942 471; x_wconf 79' lang='lat' dir='ltr'>abdi-</span> 
     </span>
     <span class='ocr_line' id='line_1_6' title="bbox 133 495 944 564; baseline -0.004 -15"><span class='ocrx_word' id='word_1_38' title='bbox 133 504 193 562; x_wconf 87' lang='lat' dir='ltr'>tus,</span> <span class='ocrx_word' id='word_1_39' title='bbox 203 496 274 550; x_wconf 83' lang='lat' dir='ltr'>nibil</span> <span class='ocrx_word' id='word_1_40' title='bbox 284 497 360 549; x_wconf 88' lang='lat' dir='ltr'>aliud</span> <span class='ocrx_word' id='word_1_41' title='bbox 371 512 451 564; x_wconf 89' lang='lat' dir='ltr'>quam</span> <span class='ocrx_word' id='word_1_42' title='bbox 462 512 512 563; x_wconf 88' lang='lat' dir='ltr'>per</span> <span class='ocrx_word' id='word_1_43' title='bbox 522 497 613 547; x_wconf 84' lang='lat' dir='ltr'>edicta</span> <span class='ocrx_word' id='word_1_44' title='bbox 624 496 812 548; x_wconf 76' lang='lat' dir='ltr'>annunciaret.</span> <span class='ocrx_word' id='word_1_45' title='bbox 852 495 944 546; x_wconf 48' lang='lat' dir='ltr'>Unuo¹</span> 
     </span>
    </p>

    <p class='ocr_par' dir='ltr' id='par_1_4' title="bbox 81 569 944 651">
     <span class='ocr_line' id='line_1_7' title="bbox 81 569 944 651; baseline -0.006 -26"><span class='ocrx_word' id='word_1_46' title='bbox 81 587 169 651; x_wconf 33' lang='lat' dir='ltr'>‚Rex</span> <span class='ocrx_word' id='word_1_47' title='bbox 189 587 223 627; x_wconf 88' lang='lat' dir='ltr'>eo</span> <span class='ocrx_word' id='word_1_48' title='bbox 242 577 365 638; x_wconf 86' lang='lat' dir='ltr'>tempore</span> <span class='ocrx_word' id='word_1_49' title='bbox 380 571 474 622; x_wconf 87' lang='lat' dir='ltr'>omnia</span> <span class='ocrx_word' id='word_1_50' title='bbox 487 571 517 620; x_wconf 89' lang='lat' dir='ltr'>in</span> <span class='ocrx_word' id='word_1_51' title='bbox 531 570 674 638; x_wconf 77' lang='lat' dir='ltr'>republica</span> <span class='ocrx_word' id='word_1_52' title='bbox 689 570 765 621; x_wconf 82' lang='lat' dir='ltr'>etad</span> <span class='ocrx_word' id='word_1_53' title='bbox 782 569 944 620; x_wconf 66' lang='lat' dir='ltr'>arbitrium,</span> 
     </span>
    </p>

    <p class='ocr_par' dir='ltr' id='par_1_5' title="bbox 95 639 939 1007">
     <span class='ocr_line' id='line_1_8' title="bbox 95 639 938 710; baseline -0.006 -13"><span class='ocrx_word' id='word_1_54' title='bbox 95 665 98 678; x_wconf 90' lang='lat'>·</span> <span class='ocrx_word' id='word_1_55' title='bbox 136 645 351 697; x_wconf 84' lang='lat' dir='ltr'>administravit:</span> <span class='ocrx_word' id='word_1_56' title='bbox 374 651 406 696; x_wconf 89' lang='lat' dir='ltr'>ut</span> <span class='ocrx_word' id='word_1_57' title='bbox 419 645 546 696; x_wconf 87' lang='lat' dir='ltr'>nonnulli</span> <span class='ocrx_word' id='word_1_58' title='bbox 556 639 739 707; x_wconf 79' lang='lat' dir='ltr'>urbanorum,</span> <span class='ocrx_word' id='word_1_59' title='bbox 761 658 845 710; x_wconf 87' lang='lat' dir='ltr'>quum</span> <span class='ocrx_word' id='word_1_60' title='bbox 862 643 938 709; x_wconf 90' lang='lat' dir='ltr'>quid</span> 
     </span>
     <span class='ocr_line' id='line_1_9' title="bbox 134 717 939 788; baseline -0.002 -16"><span class='ocrx_word' id='word_1_61' title='bbox 134 735 184 788; x_wconf 88' lang='lat' dir='ltr'>per</span> <span class='ocrx_word' id='word_1_62' title='bbox 193 721 286 772; x_wconf 89' lang='lat' dir='ltr'>iocum</span> <span class='ocrx_word' id='word_1_63' title='bbox 296 718 417 770; x_wconf 87' lang='lat' dir='ltr'>testandi</span> <span class='ocrx_word' id='word_1_64' title='bbox 430 719 522 784; x_wconf 81' lang='lat' dir='ltr'>gratia</span> <span class='ocrx_word' id='word_1_65' title='bbox 531 718 684 785; x_wconf 79' lang='lat' dir='ltr'>signarent,</span> <span class='ocrx_word' id='word_1_66' title='bbox 704 733 761 769; x_wconf 89' lang='lat' dir='ltr'>non</span> <span class='ocrx_word' id='word_1_67' title='bbox 773 717 889 770; x_wconf 71' lang='lat' dir='ltr'>Caesare</span> <span class='ocrx_word' id='word_1_68' title='bbox 906 726 939 770; x_wconf 80' lang='lat' dir='ltr'>et</span> 
     </span>
     <span class='ocr_line' id='line_1_10' title="bbox 135 790 935 862; baseline -0.003 -18"><span class='ocrx_word' id='word_1_69' title='bbox 135 793 243 854; x_wconf 83' lang='lat' dir='ltr'>Bibulo,</span> <span class='ocrx_word' id='word_1_70' title='bbox 265 793 314 844; x_wconf 86' lang='lat' dir='ltr'>sed</span> <span class='ocrx_word' id='word_1_71' title='bbox 325 790 393 842; x_wconf 83' lang='lat' dir='ltr'>lulio</span> <span class='ocrx_word' id='word_1_72' title='bbox 404 801 431 843; x_wconf 83' lang='lat' dir='ltr'>ct</span> <span class='ocrx_word' id='word_1_73' title='bbox 441 791 553 848; x_wconf 74' lang='lat' dir='ltr'>Ouesore</span> <span class='ocrx_word' id='word_1_74' title='bbox 563 791 709 862; x_wconf 73' lang='lat' dir='ltr'>consulibus</span> <span class='ocrx_word' id='word_1_75' title='bbox 723 797 815 842; x_wconf 81' lang='lat' dir='ltr'>actum</span> <span class='ocrx_word' id='word_1_76' title='bbox 824 791 935 842; x_wconf 85' lang='lat' dir='ltr'>scribe-</span> 
     </span>
     <span class='ocr_line' id='line_1_11' title="bbox 135 855 944 933; baseline -0.003 -14"><span class='ocrx_word' id='word_1_77' title='bbox 135 873 204 931; x_wconf 85' lang='lat' dir='ltr'>rent,</span> <span class='ocrx_word' id='word_1_78' title='bbox 216 867 258 918; x_wconf 86' lang='lat' dir='ltr'>bis</span> <span class='ocrx_word' id='word_1_79' title='bbox 269 855 383 917; x_wconf 78' lang='lat' dir='ltr'>etnidem</span> <span class='ocrx_word' id='word_1_80' title='bbox 394 871 601 933; x_wconf 73' lang='lat' dir='ltr'>praeponentes,</span> <span class='ocrx_word' id='word_1_81' title='bbox 612 867 722 916; x_wconf 84' lang='lat' dir='ltr'>nomine</span> <span class='ocrx_word' id='word_1_82' title='bbox 730 869 815 931; x_wconf 82' lang='lat' dir='ltr'>etque</span> <span class='ocrx_word' id='word_1_83' title='bbox 824 879 944 932; x_wconf 85' lang='lat' dir='ltr'>cogno·</span> 
     </span>
     <span class='ocr_line' id='line_1_12' title="bbox 136 937 795 1007; baseline -0.003 -15"><span class='ocrx_word' id='word_1_84' title='bbox 136 941 221 1002; x_wconf 88' lang='lat' dir='ltr'>mine;</span> <span class='ocrx_word' id='word_1_85' title='bbox 240 947 324 1007; x_wconf 86' lang='lat' dir='ltr'>utque</span> <span class='ocrx_word' id='word_1_86' title='bbox 334 939 417 1006; x_wconf 82' lang='lat' dir='ltr'>udgo</span> <span class='ocrx_word' id='word_1_87' title='bbox 428 953 494 990; x_wconf 85' lang='lat' dir='ltr'>mox</span> <span class='ocrx_word' id='word_1_88' title='bbox 503 937 795 990; x_wconf 76' lang='lat' dir='ltr'>icrrenmrhrversus</span> 
     </span>
    </p>

    <p class='ocr_par' dir='ltr' id='par_1_6' title="bbox 155 1012 934 1156">
     <span class='ocr_line' id='line_1_13' title="bbox 155 1012 934 1084; baseline -0.003 -18"><span class='ocrx_word' id='word_1_89' title='bbox 155 1013 315 1066; x_wconf 82' lang='lat' dir='ltr'>NooBibulu</span> <span class='ocrx_word' id='word_1_90' title='bbox 326 1013 464 1080; x_wconf 77' lang='lat' dir='ltr'>quicquam</span> <span class='ocrx_word' id='word_1_91' title='bbox 474 1029 564 1080; x_wconf 68' lang='lat' dir='ltr'>nuptm,</span> <span class='ocrx_word' id='word_1_92' title='bbox 575 1013 621 1064; x_wconf 80' lang='lat' dir='ltr'>ced</span> <span class='ocrx_word' id='word_1_93' title='bbox 630 1012 750 1077; x_wconf 69' lang='lat' dir='ltr'>Caesare,</span> <span class='ocrx_word' id='word_1_94' title='bbox 756 1013 866 1084; x_wconf 83' lang='lat' dir='ltr'>factum</span> <span class='ocrx_word' id='word_1_95' title='bbox 876 1021 934 1065; x_wconf 79' lang='lat' dir='ltr'>ert:</span> 
     </span>
     <span class='ocr_line' id='line_1_14' title="bbox 192 1085 720 1156; baseline 0 -18"><span class='ocrx_word' id='word_1_96' title='bbox 192 1087 262 1140; x_wconf 84' lang='lat' dir='ltr'>Nam</span> <span class='ocrx_word' id='word_1_97' title='bbox 272 1085 440 1156; x_wconf 78' lang='lat' dir='ltr'>Bibulcfierc</span> <span class='ocrx_word' id='word_1_98' title='bbox 448 1088 551 1139; x_wconf 75' lang='grc'>11111111</span> <span class='ocrx_word' id='word_1_99' title='bbox 560 1087 600 1138; x_wconf 84' lang='lat' dir='ltr'>m&#39;l</span> <span class='ocrx_word' id='word_1_100' title='bbox 607 1087 720 1138; x_wconf 77' lang='lat' dir='ltr'>memini.</span> 
     </span>
    </p>

    <p class='ocr_par' dir='ltr' id='par_1_7' title="bbox 78 1161 935 1379">
     <span class='ocr_line' id='line_1_15' title="bbox 78 1161 934 1231; baseline -0.001 -17"><span class='ocrx_word' id='word_1_101' title='bbox 78 1167 80 1172; x_wconf 82' lang='grc'>’</span> <span class='ocrx_word' id='word_1_102' title='bbox 138 1164 270 1231; x_wconf 83' lang='lat' dir='ltr'>Campum</span> <span class='ocrx_word' id='word_1_103' title='bbox 282 1161 436 1226; x_wconf 85' lang='lat' dir='ltr'>Stellatem,</span> <span class='ocrx_word' id='word_1_104' title='bbox 447 1163 599 1213; x_wconf 86' lang='lat' dir='ltr'>maioribus</span> <span class='ocrx_word' id='word_1_105' title='bbox 611 1167 809 1226; x_wconf 83' lang='lat' dir='ltr'>consecratum,</span> <span class='ocrx_word' id='word_1_106' title='bbox 820 1175 934 1228; x_wconf 81' lang='lat' dir='ltr'>agrum·</span> 
     </span>
     <span class='ocr_line' id='line_1_16' title="bbox 138 1200 935 1304; baseline -0.003 -15"><span class='ocrx_word' id='word_1_107' title='bbox 138 1253 191 1304; x_wconf 88' lang='lat' dir='ltr'>que</span> <span class='ocrx_word' id='word_1_108' title='bbox 202 1239 383 1304; x_wconf 77' lang='lat' dir='ltr'>Campanum,</span> <span class='ocrx_word' id='word_1_109' title='bbox 405 1200 441 1287; x_wconf 69' lang='lat' dir='ltr'>ad</span> <span class='ocrx_word' id='word_1_110' title='bbox 451 1237 576 1288; x_wconf 83' lang='lat' dir='ltr'>subsidia</span> <span class='ocrx_word' id='word_1_111' title='bbox 588 1237 758 1304; x_wconf 87' lang='lat' dir='ltr'>reipublicae</span> <span class='ocrx_word' id='word_1_112' title='bbox 767 1235 935 1304; x_wconf 79' lang='lat' dir='ltr'>vectigalem</span> 
     </span>
     <span class='ocr_line' id='line_1_17' title="bbox 138 1310 934 1379; baseline -0.003 -16"><span class='ocrx_word' id='word_1_113' title='bbox 138 1311 277 1374; x_wconf 87' lang='lat' dir='ltr'>relictum,</span> <span class='ocrx_word' id='word_1_114' title='bbox 298 1311 392 1363; x_wconf 84' lang='lat' dir='ltr'>divisit</span> <span class='ocrx_word' id='word_1_115' title='bbox 402 1317 479 1364; x_wconf 82' lang='lat' dir='ltr'>extra</span> <span class='ocrx_word' id='word_1_116' title='bbox 489 1316 590 1364; x_wconf 88' lang='lat' dir='ltr'>sortem</span> <span class='ocrx_word' id='word_1_117' title='bbox 605 1312 641 1362; x_wconf 92' lang='lat' dir='ltr'>ad</span> <span class='ocrx_word' id='word_1_118' title='bbox 651 1313 750 1379; x_wconf 79' lang='lat' dir='ltr'>viginti</span> <span class='ocrx_word' id='word_1_119' title='bbox 758 1311 881 1362; x_wconf 87' lang='lat' dir='ltr'>millibus</span> <span class='ocrx_word' id='word_1_120' title='bbox 893 1310 934 1361; x_wconf 85' lang='lat' dir='ltr'>ei-</span> 
     </span>
    </p>

    <p class='ocr_par' dir='ltr' id='par_1_8' title="bbox 122 1379 944 2646">
     <span class='ocr_line' id='line_1_18' title="bbox 122 1379 934 1452; baseline -0.005 -14"><span class='ocrx_word' id='word_1_121' title='bbox 122 1379 226 1449; x_wconf 63' lang='grc'>111111,</span> <span class='ocrx_word' id='word_1_122' title='bbox 247 1386 346 1452; x_wconf 86' lang='lat' dir='ltr'>quibus</span> <span class='ocrx_word' id='word_1_123' title='bbox 355 1386 429 1438; x_wconf 87' lang='lat' dir='ltr'>terni</span> <span class='ocrx_word' id='word_1_124' title='bbox 438 1385 563 1452; x_wconf 86' lang='lat' dir='ltr'>pluresve</span> <span class='ocrx_word' id='word_1_125' title='bbox 573 1387 654 1438; x_wconf 87' lang='lat' dir='ltr'>liberi</span> <span class='ocrx_word' id='word_1_126' title='bbox 664 1391 763 1438; x_wconf 87' lang='lat' dir='ltr'>essent.</span> <span class='ocrx_word' id='word_1_127' title='bbox 801 1383 934 1437; x_wconf 82' lang='lat' dir='ltr'>Publica-</span> 
     </span>
     <span class='ocr_line' id='line_1_19' title="bbox 139 1459 944 1528; baseline 0 -18"><span class='ocrx_word' id='word_1_128' title='bbox 139 1475 195 1510; x_wconf 88' lang='lat' dir='ltr'>nos</span> <span class='ocrx_word' id='word_1_129' title='bbox 214 1460 404 1512; x_wconf 84' lang='lat' dir='ltr'>remissionem</span> <span class='ocrx_word' id='word_1_130' title='bbox 426 1465 548 1526; x_wconf 85' lang='lat' dir='ltr'>petentes</span> <span class='ocrx_word' id='word_1_131' title='bbox 575 1461 658 1512; x_wconf 82' lang='lat' dir='ltr'>tertia</span> <span class='ocrx_word' id='word_1_132' title='bbox 676 1459 832 1510; x_wconf 87' lang='lat' dir='ltr'>mercedum</span> <span class='ocrx_word' id='word_1_133' title='bbox 851 1463 944 1528; x_wconf 50' lang='lat' dir='ltr'>perte¹</span> 
     </span>
     <span class='ocr_line' id='line_1_20' title="bbox 139 1532 933 1598; baseline -0.004 -12"><span class='ocrx_word' id='word_1_134' title='bbox 139 1533 284 1598; x_wconf 79' lang='lat' dir='ltr'>relevavit,</span> <span class='ocrx_word' id='word_1_135' title='bbox 305 1548 350 1598; x_wconf 88' lang='lat' dir='ltr'>ac,</span> <span class='ocrx_word' id='word_1_136' title='bbox 371 1549 406 1584; x_wconf 84' lang='lat' dir='ltr'>ne</span> <span class='ocrx_word' id='word_1_137' title='bbox 419 1532 933 1598; x_wconf 78' lang='lat' dir='ltr'>inlocationcnovorumrectigalium</span> 
     </span>
     <span class='ocr_line' id='line_1_21' title="bbox 139 1604 944 1673; baseline -0.001 -14"><span class='ocrx_word' id='word_1_138' title='bbox 139 1607 349 1660; x_wconf 82' lang='lat' dir='ltr'>immoderatius</span> <span class='ocrx_word' id='word_1_139' title='bbox 360 1607 539 1669; x_wconf 86' lang='lat' dir='ltr'>licitarentur,</span> <span class='ocrx_word' id='word_1_140' title='bbox 550 1604 695 1673; x_wconf 90' lang='lat' dir='ltr'>propalam</span> <span class='ocrx_word' id='word_1_141' title='bbox 705 1605 821 1658; x_wconf 82' lang='lat' dir='ltr'>monuit.</span> <span class='ocrx_word' id='word_1_142' title='bbox 832 1605 944 1658; x_wconf 51' lang='lat' dir='ltr'>Cetera¹</span> 
     </span>
     <span class='ocr_line' id='line_1_22' title="bbox 140 1679 930 1749; baseline -0.004 -15"><span class='ocrx_word' id='word_1_143' title='bbox 140 1683 219 1746; x_wconf 88' lang='lat' dir='ltr'>item,</span> <span class='ocrx_word' id='word_1_144' title='bbox 239 1694 310 1749; x_wconf 85' lang='lat' dir='ltr'>quae</span> <span class='ocrx_word' id='word_1_145' title='bbox 321 1681 418 1749; x_wconf 90' lang='lat' dir='ltr'>cuique</span> <span class='ocrx_word' id='word_1_146' title='bbox 428 1680 585 1742; x_wconf 83' lang='lat' dir='ltr'>libuissent,</span> <span class='ocrx_word' id='word_1_147' title='bbox 601 1679 746 1748; x_wconf 74' lang='lat' dir='ltr'>dilargitus</span> <span class='ocrx_word' id='word_1_148' title='bbox 756 1685 810 1744; x_wconf 86' lang='lat' dir='ltr'>est,</span> <span class='ocrx_word' id='word_1_149' title='bbox 822 1685 930 1732; x_wconf 88' lang='lat' dir='ltr'>contra-</span> 
     </span>
     <span class='ocr_line' id='line_1_23' title="bbox 141 1753 930 1821; baseline -0.003 -13"><span class='ocrx_word' id='word_1_150' title='bbox 141 1756 248 1808; x_wconf 86' lang='lat' dir='ltr'>dicente</span> <span class='ocrx_word' id='word_1_151' title='bbox 257 1755 348 1819; x_wconf 87' lang='lat' dir='ltr'>nullo,</span> <span class='ocrx_word' id='word_1_152' title='bbox 365 1770 406 1817; x_wconf 91' lang='lat' dir='ltr'>ac,</span> <span class='ocrx_word' id='word_1_153' title='bbox 418 1754 444 1804; x_wconf 87' lang='lat' dir='ltr'>si</span> <span class='ocrx_word' id='word_1_154' title='bbox 453 1759 600 1808; x_wconf 83' lang='lat' dir='ltr'>conaretur</span> <span class='ocrx_word' id='word_1_155' title='bbox 610 1753 684 1821; x_wconf 82' lang='lat' dir='ltr'>quis,</span> <span class='ocrx_word' id='word_1_156' title='bbox 696 1754 852 1806; x_wconf 84' lang='lat' dir='ltr'>absterrito.</span> <span class='ocrx_word' id='word_1_157' title='bbox 889 1755 930 1806; x_wconf 88' lang='lat' dir='ltr'>M.</span> 
     </span>
     <span class='ocr_line' id='line_1_24' title="bbox 141 1825 931 1896; baseline -0.001 -14"><span class='ocrx_word' id='word_1_158' title='bbox 141 1831 274 1883; x_wconf 87' lang='lat' dir='ltr'>Catonem</span> <span class='ocrx_word' id='word_1_159' title='bbox 287 1827 506 1894; x_wconf 79' lang='lat' dir='ltr'>interpellantem</span> <span class='ocrx_word' id='word_1_160' title='bbox 521 1825 629 1878; x_wconf 85' lang='lat' dir='ltr'>extrahi</span> <span class='ocrx_word' id='word_1_161' title='bbox 643 1829 719 1880; x_wconf 86' lang='lat' dir='ltr'>curia</span> <span class='ocrx_word' id='word_1_162' title='bbox 738 1843 787 1896; x_wconf 89' lang='lat' dir='ltr'>per</span> <span class='ocrx_word' id='word_1_163' title='bbox 805 1828 931 1881; x_wconf 83' lang='lat' dir='ltr'>lictorem</span> 
     </span>
     <span class='ocr_line' id='line_1_25' title="bbox 141 1900 930 1971; baseline -0.003 -15"><span class='ocrx_word' id='word_1_164' title='bbox 141 1903 259 1971; x_wconf 89' lang='lat' dir='ltr'>ducique</span> <span class='ocrx_word' id='word_1_165' title='bbox 267 1903 298 1954; x_wconf 86' lang='lat' dir='ltr'>in</span> <span class='ocrx_word' id='word_1_166' title='bbox 308 1917 445 1953; x_wconf 88' lang='lat' dir='ltr'>carcerem</span> <span class='ocrx_word' id='word_1_167' title='bbox 454 1902 545 1952; x_wconf 76' lang='lat' dir='ltr'>iussit.</span> <span class='ocrx_word' id='word_1_168' title='bbox 583 1900 617 1953; x_wconf 90' lang='lat' dir='ltr'>L.</span> <span class='ocrx_word' id='word_1_169' title='bbox 628 1901 747 1955; x_wconf 83' lang='lat' dir='ltr'>Lucrdlo</span> <span class='ocrx_word' id='word_1_170' title='bbox 762 1903 874 1956; x_wconf 85' lang='lat' dir='ltr'>liberius</span> <span class='ocrx_word' id='word_1_171' title='bbox 887 1919 930 1955; x_wconf 87' lang='lat' dir='ltr'>re-</span> 
     </span>
     <span class='ocr_line' id='line_1_26' title="bbox 140 1975 944 2043; baseline 0.005 -13"><span class='ocrx_word' id='word_1_172' title='bbox 140 1979 250 2030; x_wconf 83' lang='lat' dir='ltr'>sistenti</span> <span class='ocrx_word' id='word_1_173' title='bbox 268 1981 374 2028; x_wconf 81' lang='lat' dir='ltr'>tontum</span> <span class='ocrx_word' id='word_1_174' title='bbox 395 1975 593 2028; x_wconf 81' lang='lat' dir='ltr'>calumnianun</span> <span class='ocrx_word' id='word_1_175' title='bbox 607 1983 709 2030; x_wconf 86' lang='lat' dir='ltr'>metum</span> <span class='ocrx_word' id='word_1_176' title='bbox 722 1979 830 2043; x_wconf 85' lang='lat' dir='ltr'>iniecit,</span> <span class='ocrx_word' id='word_1_177' title='bbox 849 1985 881 2030; x_wconf 87' lang='lat' dir='ltr'>ut</span> <span class='ocrx_word' id='word_1_178' title='bbox 894 1978 944 2034; x_wconf 80' lang='lat' dir='ltr'>ed</span> 
     </span>
     <span class='ocr_line' id='line_1_27' title="bbox 141 2049 944 2120; baseline 0 -16"><span class='ocrx_word' id='word_1_179' title='bbox 141 2067 231 2120; x_wconf 84' lang='lat' dir='ltr'>genua</span> <span class='ocrx_word' id='word_1_180' title='bbox 239 2051 313 2104; x_wconf 77' lang='lat' dir='ltr'>ultro</span> <span class='ocrx_word' id='word_1_181' title='bbox 325 2049 381 2101; x_wconf 86' lang='lat' dir='ltr'>sibi</span> <span class='ocrx_word' id='word_1_182' title='bbox 391 2050 536 2102; x_wconf 89' lang='lat' dir='ltr'>accideret.</span> <span class='ocrx_word' id='word_1_183' title='bbox 567 2051 698 2104; x_wconf 81' lang='lat' dir='ltr'>Cicerone</span> <span class='ocrx_word' id='word_1_184' title='bbox 706 2053 738 2104; x_wconf 90' lang='lat' dir='ltr'>in</span> <span class='ocrx_word' id='word_1_185' title='bbox 747 2053 851 2105; x_wconf 88' lang='lat' dir='ltr'>iudicio</span> <span class='ocrx_word' id='word_1_186' title='bbox 862 2067 928 2120; x_wconf 86' lang='lat' dir='ltr'>quo-</span> <span class='ocrx_word' id='word_1_187' title='bbox 943 2083 944 2088; x_wconf 65' lang='lat'><em>=</em></span> 
     </span>
     <span class='ocr_line' id='line_1_28' title="bbox 142 2125 944 2192; baseline 0 -14"><span class='ocrx_word' id='word_1_188' title='bbox 142 2127 205 2178; x_wconf 85' lang='lat' dir='ltr'>dam</span> <span class='ocrx_word' id='word_1_189' title='bbox 217 2125 379 2192; x_wconf 87' lang='lat' dir='ltr'>deplorante</span> <span class='ocrx_word' id='word_1_190' title='bbox 387 2130 542 2192; x_wconf 86' lang='lat' dir='ltr'>temporum</span> <span class='ocrx_word' id='word_1_191' title='bbox 551 2132 666 2192; x_wconf 70' lang='lat' dir='ltr'>stabim,</span> <span class='ocrx_word' id='word_1_192' title='bbox 681 2127 712 2178; x_wconf 87' lang='lat' dir='ltr'>P.</span> <span class='ocrx_word' id='word_1_193' title='bbox 725 2128 863 2191; x_wconf 85' lang='lat' dir='ltr'>clodium,</span> <span class='ocrx_word' id='word_1_194' title='bbox 877 2127 928 2178; x_wconf 89' lang='lat' dir='ltr'>ini-</span> <span class='ocrx_word' id='word_1_195' title='bbox 943 2177 944 2186; x_wconf 30' lang='lat'>2</span> 
     </span>
     <span class='ocr_line' id='line_1_29' title="bbox 141 2199 928 2269; baseline -0.001 -16"><span class='ocrx_word' id='word_1_196' title='bbox 141 2201 243 2253; x_wconf 88' lang='lat' dir='ltr'>micum</span> <span class='ocrx_word' id='word_1_197' title='bbox 254 2199 327 2264; x_wconf 84' lang='lat' dir='ltr'>eius,</span> <span class='ocrx_word' id='word_1_198' title='bbox 347 2199 451 2252; x_wconf 76' lang='grc'>11111111</span> <span class='ocrx_word' id='word_1_199' title='bbox 463 2200 520 2252; x_wconf 88' lang='lat' dir='ltr'>iam</span> <span class='ocrx_word' id='word_1_200' title='bbox 534 2201 640 2269; x_wconf 85' lang='lat' dir='ltr'>pridem</span> <span class='ocrx_word' id='word_1_201' title='bbox 655 2217 673 2252; x_wconf 85' lang='lat' dir='ltr'>e</span> <span class='ocrx_word' id='word_1_202' title='bbox 682 2201 812 2254; x_wconf 82' lang='lat' dir='ltr'>Patribus</span> <span class='ocrx_word' id='word_1_203' title='bbox 826 2201 861 2252; x_wconf 83' lang='lat' dir='ltr'>ad</span> <span class='ocrx_word' id='word_1_204' title='bbox 873 2201 928 2268; x_wconf 89' lang='lat' dir='ltr'>ple-</span> 
     </span>
     <span class='ocr_line' id='line_1_30' title="bbox 142 2274 930 2345; baseline 0.003 -19"><span class='ocrx_word' id='word_1_205' title='bbox 142 2275 203 2326; x_wconf 85' lang='lat' dir='ltr'>bem</span> <span class='ocrx_word' id='word_1_206' title='bbox 223 2275 343 2326; x_wconf 83' lang='lat' dir='ltr'>transire</span> <span class='ocrx_word' id='word_1_207' title='bbox 362 2275 505 2342; x_wconf 88' lang='lat' dir='ltr'>nitentem,</span> <span class='ocrx_word' id='word_1_208' title='bbox 530 2274 626 2328; x_wconf 86' lang='lat' dir='ltr'>eodem</span> <span class='ocrx_word' id='word_1_209' title='bbox 651 2276 697 2345; x_wconf 83' lang='lat' dir='ltr'>die</span> <span class='ocrx_word' id='word_1_210' title='bbox 717 2275 838 2344; x_wconf 89' lang='lat' dir='ltr'>horaque</span> <span class='ocrx_word' id='word_1_211' title='bbox 856 2290 930 2328; x_wconf 84' lang='lat' dir='ltr'>nona</span> 
     </span>
     <span class='ocr_line' id='line_1_31' title="bbox 142 2348 927 2412; baseline 0.001 -11"><span class='ocrx_word' id='word_1_212' title='bbox 142 2349 307 2401; x_wconf 81' lang='lat' dir='ltr'>transduxit.</span> <span class='ocrx_word' id='word_1_213' title='bbox 345 2348 489 2412; x_wconf 84' lang='lat' dir='ltr'>Postremo</span> <span class='ocrx_word' id='word_1_214' title='bbox 504 2351 534 2403; x_wconf 89' lang='lat' dir='ltr'>in</span> <span class='ocrx_word' id='word_1_215' title='bbox 543 2351 688 2402; x_wconf 85' lang='lat' dir='ltr'>universos</span> <span class='ocrx_word' id='word_1_216' title='bbox 699 2349 823 2403; x_wconf 78' lang='lat' dir='ltr'>diversae</span> <span class='ocrx_word' id='word_1_217' title='bbox 832 2349 927 2402; x_wconf 76' lang='lat' dir='ltr'>iectio-</span> 
     </span>
     <span class='ocr_line' id='line_1_32' title="bbox 141 2423 927 2492; baseline 0.001 -18"><span class='ocrx_word' id='word_1_218' title='bbox 141 2424 185 2474; x_wconf 87' lang='lat' dir='ltr'>nis</span> <span class='ocrx_word' id='word_1_219' title='bbox 204 2423 314 2475; x_wconf 81' lang='lat' dir='ltr'>induxit</span> <span class='ocrx_word' id='word_1_220' title='bbox 332 2424 456 2478; x_wconf 83' lang='lat' dir='ltr'>Vettium</span> <span class='ocrx_word' id='word_1_221' title='bbox 475 2426 619 2492; x_wconf 75' lang='lat' dir='ltr'>praemis,</span> <span class='ocrx_word' id='word_1_222' title='bbox 638 2431 671 2476; x_wconf 88' lang='lat' dir='ltr'>ut</span> <span class='ocrx_word' id='word_1_223' title='bbox 689 2439 719 2478; x_wconf 86' lang='lat' dir='ltr'>oe</span> <span class='ocrx_word' id='word_1_224' title='bbox 739 2424 773 2477; x_wconf 91' lang='lat' dir='ltr'>de</span> <span class='ocrx_word' id='word_1_225' title='bbox 790 2423 927 2476; x_wconf 77' lang='lat' dir='ltr'>inferenda</span> 
     </span>
     <span class='ocr_line' id='line_1_33' title="bbox 141 2497 927 2568; baseline 0.001 -19"><span class='ocrx_word' id='word_1_226' title='bbox 141 2497 275 2567; x_wconf 87' lang='lat' dir='ltr'>Pompeio</span> <span class='ocrx_word' id='word_1_227' title='bbox 285 2513 352 2554; x_wconf 84' lang='lat' dir='ltr'>nece</span> <span class='ocrx_word' id='word_1_228' title='bbox 362 2500 543 2554; x_wconf 72' lang='lat' dir='ltr'>sollicitatus</span> <span class='ocrx_word' id='word_1_229' title='bbox 553 2515 571 2552; x_wconf 91' lang='lat' dir='ltr'>a</span> <span class='ocrx_word' id='word_1_230' title='bbox 582 2499 744 2568; x_wconf 85' lang='lat' dir='ltr'>quibusdam</span> <span class='ocrx_word' id='word_1_231' title='bbox 749 2499 927 2568; x_wconf 74' lang='lat' dir='ltr'>profiteretur,</span> 
     </span>
     <span class='ocr_line' id='line_1_34' title="bbox 141 2573 926 2646; baseline 0.003 -20"><span class='ocrx_word' id='word_1_232' title='bbox 141 2573 346 2645; x_wconf 84' lang='lat' dir='ltr'>productusque</span> <span class='ocrx_word' id='word_1_233' title='bbox 359 2591 411 2646; x_wconf 91' lang='lat' dir='ltr'>pro</span> <span class='ocrx_word' id='word_1_234' title='bbox 425 2577 525 2630; x_wconf 80' lang='grc'>1111111</span> <span class='ocrx_word' id='word_1_235' title='bbox 539 2581 667 2629; x_wconf 80' lang='lat' dir='ltr'>auctores</span> <span class='ocrx_word' id='word_1_236' title='bbox 682 2589 716 2629; x_wconf 86' lang='lat' dir='ltr'>ex</span> <span class='ocrx_word' id='word_1_237' title='bbox 730 2579 869 2646; x_wconf 83' lang='lat' dir='ltr'>compacto</span> <span class='ocrx_word' id='word_1_238' title='bbox 879 2589 926 2628; x_wconf 88' lang='lat' dir='ltr'>no-</span> 
     </span>
    </p>
   </div>
   <div class='ocr_carea' id='block_1_3' title="bbox 0 0 989 2970">
    <p class='ocr_par' dir='ltr' id='par_1_9' title="bbox 0 0 989 2970">
     <span class='ocr_line' id='line_1_35' title="bbox 0 0 989 2970; baseline 0 0"><span class='ocrx_word' id='word_1_239' title='bbox 0 0 989 2970; x_wconf 95' lang='lat' dir='ltr'> </span> 
     </span>
    </p>
   </div>
  </div>
 </body>
</html>
