1986 2960
252 47 451 98 versamus.
488 49 704 100 cnara-u.
769 25 773 32 ’
833 53 882 106 131

35 239 37 242 Ι
87 175 156 227 dabo
167 188 281 241 operam,
292 182 324 225 at
331 172 604 246 rotiooeossaetorom
615 191 730 229 meorum
741 177 881 232 dictorum·

87 261 138 317 que
147 247 268 300 reddam:
288 247 312 299 ss'
315 249 529 315 perseveraverit,
541 249 650 302 invicem
661 267 718 302 eum
728 253 814 304 odero.

143 323 245 374 XXlX.
264 323 353 390 Atque
368 321 435 374 haec
454 338 486 375 eo
503 323 674 376 notabiliora
694 333 785 390 erant,
807 328 881 394 qnod

83 397 187 465 ipsein
201 396 372 464 appellandis
387 398 602 466 venerandisque
618 404 645 450 et
658 399 774 466 singulis
785 407 811 452 et
820 402 880 452 uni-

83 472 174 524 versis
192 487 278 538 prope
298 478 452 522 excesserat
465 469 643 524 humanitatis
657 473 777 525 modum.
816 474 879 526 Dis-

83 547 206 599 sentieas
216 546 245 598 in
256 545 333 596 curia
345 559 361 594 a
373 545 405 606 Q.
418 545 547 610 Haterio,
563 545 701 614 ignoscas,
717 547 820 615 inquit,
837 561 879 600 ro-

81 637 136 690 go,
152 618 249 686 siquid
257 619 380 670 adversus
390 627 415 670 te
425 619 543 684 idemus,
559 619 629 672 sicat
637 629 756 683 senator,
778 621 877 673 daleero.

81 695 122 746 Et
142 693 240 746 deinde
261 709 354 746 omnes
375 693 530 763 alloquens:
560 693 630 746 Diei
642 703 669 746 et
681 710 750 747 nune
764 704 792 746 et
804 711 879 762 saepe

83 768 166 832 olias,
183 767 215 818 P.
230 766 273 830 0.,
289 767 382 820 ionum
393 777 418 820 et
428 768 734 836 solutoremprineipem,
751 785 879 836 quemoos

11 901 12 906 ,
83 851 162 896 tauto
173 849 264 894 ettam
274 841 355 893 libero
365 850 497 910 potestate
510 841 684 905 instruxistis,
707 843 812 896 senatui
825 859 878 894 ser·

80 917 140 970 vire
150 915 242 968 delere
252 924 279 968 et
287 915 879 986 anioersr'scioo'las,soepeetpleramqueets'om

81 989 212 1071 singulis:
230 989 352 1056 neques'd
361 990 456 1042 eluisse
466 991 642 1058 mepoens'tet,
665 1000 692 1044 et
705 992 784 1044 bonos
799 1001 877 1045 etae-

82 1079 149 1133 quos
160 1073 185 1116 et
189 1063 313 1135 furenter
322 1081 366 1116 eos
376 1064 458 1116 habui
467 1064 591 1128 dominos,
603 1075 630 1117 et
639 1065 724 1118 adlice
735 1065 826 1118 labeo.

140 1137 229 1190 XXX.
250 1139 324 1200 Quin
344 1141 426 1191 etiam
446 1139 564 1206 speciem
583 1140 720 1191 libertatis
740 1140 878 1208 quandam

16 1252 20 1260 -
78 1213 206 1277 induxit,
223 1214 390 1265 conservatis
405 1211 513 1264 senatui
523 1228 555 1264 ac
566 1215 772 1281 magistratibus
783 1221 810 1266 et
820 1230 876 1265 ma-

78 1290 183 1341 iestate
193 1288 310 1354 pristina
321 1294 348 1339 et
357 1293 505 1354 potestate:
517 1303 604 1354 neque
614 1294 669 1338 tam
681 1290 875 1357 parvumquic·

80 1378 167 1432 quam
182 1378 270 1429 neqste
283 1368 341 1413 tam
354 1376 482 1429 magnum
492 1361 597 1429 publici
606 1363 761 1430 privatique
771 1364 877 1430 negotii

78 1437 150 1501 mit,
166 1436 200 1488 de
211 1449 265 1504 qno
276 1452 332 1488 non
343 1435 378 1486 ad
388 1433 418 1486 P.
432 1436 461 1486 G.
473 1435 631 1499 referretur3
653 1436 685 1488 de
696 1437 876 1504 vectigalibus

80 1528 117 1564 ac
128 1511 305 1578 monopoliis,
313 1510 346 1562 de
357 1510 528 1562 exstmendis
538 1510 725 1563 reficiendisue
737 1513 875 1578 operibus,
933 1559 934 1564 ,

81 1587 171 1640 etiam
181 1585 213 1637 de
224 1584 338 1652 legendo
349 1585 393 1637 vel
403 1585 608 1637 exauctorando
620 1585 719 1651 milite,
742 1601 775 1637 ac
789 1586 875 1654 legio-

79 1675 148 1712 num
169 1665 197 1712 ot
216 1659 382 1711 ariniliorum
403 1659 602 1727 descriptiones
626 1659 754 1728 denique,
776 1661 876 1728 quibus

78 1734 226 1802 imperium
238 1735 396 1801 prorogari,
418 1741 468 1785 arnt
479 1734 699 1786 extraordinaria
713 1735 786 1784 bolla
801 1749 875 1784 man-

80 1808 158 1872 dari,
174 1809 240 1876 quid
256 1815 283 1860 et
293 1824 347 1875 qua
357 1808 447 1860 forma
456 1820 548 1875 regum
560 1809 647 1860 literis
657 1808 772 1859 rescribi
785 1808 875 1876 place-

79 1888 134 1936 ret.
172 1881 343 1934 Praefectum
354 1883 423 1947 alae,
435 1883 469 1934 de
478 1883 506 1934 vi
517 1890 544 1933 et
553 1883 657 1950 rapinis
668 1897 752 1945 reum,
764 1897 875 1932 causam

37 1987 42 1994 ·
78 1958 110 2010 in
120 1963 219 2009 senatu
229 1957 319 2008 dicere
330 1958 428 2024 coigit.
462 1957 607 2024 Nunquam
620 1957 722 2008 curiam
733 1955 786 2006 nisi
798 1956 874 2007 solus

77 2032 208 2083 intravits
228 2031 327 2083 lectica
337 2031 475 2100 qnondam
484 2031 633 2083 introlatus
645 2044 737 2098 aeger,
760 2031 874 2081 comites

81 2106 273 2158 aseremovit.
448 2105 452 2112 '

135 2179 237 2230 XXXI.
259 2179 400 2240 Quaedam
416 2180 546 2232 adversus
562 2178 725 2230 sententiam
738 2193 816 2229 suam
828 2179 872 2231 de-

80 2253 168 2318 cerni,
183 2269 217 2305 ne
228 2260 340 2321 questus
349 2255 457 2322 ‹piidem
468 2261 518 2306 est.
557 2253 682 2320 Negantc
691 2268 742 2317 eo,v
754 2252 872 2305 destina-

79 2331 125 2380 tos
135 2328 313 2394 magistratus
324 2330 419 2380 abesse
431 2335 604 2396 oporterent
613 2326 873 2394 praesenteslmnori

79 2402 294 2471 acquiescerent,
301 2403 575 2470 praetordesignatus
582 2402 695 2453 liberam
707 2402 872 2469 legationem

77 2476 246 2545 impetravit.
284 2477 384 2529 lterum
400 2483 537 2541 censente,
551 2483 582 2528 at
592 2476 737 2528 'l'rebianis
753 2477 874 2544 legatam

77 2550 108 2602 in
129 2567 198 2620 opus
212 2552 279 2604 novi
292 2547 393 2604 theatri
408 2552 552 2621 pecuniam
568 2550 603 2602 ad
618 2551 795 2602 nurnitionem
810 2550 871 2600 viae

630 2645 666 2688 12
