1964 2970
144 113 161 165 8
418 115 446 160 C.
473 113 661 162 SUE'I'ONII

143 237 248 300 herent,
259 235 381 286 dimissis
392 235 537 288 lictoribus
548 237 709 303 obiectaque
719 241 879 304 praetexta,
892 236 950 291 do·

142 309 299 376 mumlclanr
309 309 424 376 refugit,
435 310 656 377 proconditione
665 316 820 378 temporum
831 313 950 379 quietu-¹

141 399 199 436 rus.
237 383 443 436 Mudtitudiucm
463 399 585 461 quoque,
605 383 691 436 biduo
712 391 777 451 post
795 391 898 452 sponte
915 392 945 437 et

141 458 217 509 ultro
234 450 428 522 confluentem,
450 472 616 525 operamque
631 458 724 510 sibiln
735 459 887 522 asserenda
898 460 942 510 di-

140 533 247 600 gnitate
256 532 454 584 tumultuosius
464 531 649 599 pollicentem,
656 533 835 599 compescuit.
853 533 950 594 Quod*

142 620 225 673 quum
235 612 346 674 praeter
356 605 514 673 opinionem
524 607 673 670 evenisset,
684 611 809 671 senatus,
822 605 859 658 ob
870 623 940 658 eun·

141 678 203 732 dem
214 686 323 733 coetum
332 679 463 733 festinato
476 684 603 743 coactus,
618 680 724 746 gratias
735 680 763 732 ei
771 696 821 749 per
830 681 939 747 primo-

139 769 184 806 res
194 755 270 805 viros
281 755 351 821 egit,
373 753 545 821 accitumque
559 753 589 804 in
600 754 705 804 curiam
716 760 744 805 et
754 754 939 822 amplissimis

139 828 231 880 verbis
252 827 440 879 collaudatum
458 827 488 878 in
507 827 643 894 integrum
662 828 797 892 restituit,
817 828 937 882 inducto

138 903 233 971 priore
244 900 364 954 decreto.
555 908 557 912 ’

193 974 281 1027 xvii.
301 973 410 1027 Recidit
428 989 523 1026 rursus
541 975 572 1026 in
587 975 734 1027 discrimen
750 974 840 1040 alind,
860 976 938 1030 iuter

43 1101 46 1105 .
138 1050 231 1103 socios
243 1048 379 1102 Catilinae
389 1049 556 1112 nominatus,
568 1055 596 1100 et
606 1049 679 1116 apud
688 1048 935 1118 NovirmrNigrum

138 1127 311 1192 quaestorem
323 1122 383 1176 aL.
393 1122 489 1175 Vettio
500 1122 606 1186 Iudice,
618 1123 684 1175 etin
694 1131 792 1175 senatu
803 1139 820 1174 a
832 1124 865 1186 Q.
878 1125 933 1177 Cu-

32 1215 34 1228 2
126 1199 194 1265 ⁴rio:
215 1199 273 1263 cui,
290 1197 366 1266 quod
380 1199 485 1266 primus
501 1197 841 1250 contiliacouluretorrun
857 1197 932 1251 dcte-

135 1278 229 1336 xerat,
255 1273 406 1326 oonstituta
430 1277 509 1324 erant
527 1271 637 1339 publice
657 1273 789 1340 praemia.
829 1273 950 1326 murus,

137 1345 247 1413 quidem
267 1362 289 1398 e·
299 1347 419 1398 Catilina
438 1361 468 1398 se
488 1347 651 1414 cognovisse
671 1347 795 1418 dicebat:
818 1346 932 1400 Vettius

136 1419 220 1472 etiem
230 1417 443 1490 chirographum
457 1421 532 1485 eius,
548 1420 686 1472 Catilinae
696 1422 804 1486 dutum,
814 1420 930 1488 pollice-

135 1494 226 1545 batur.
264 1493 296 1545 Id
306 1510 370 1547 vero
383 1495 486 1546 Caesar
495 1495 573 1546 nullo
589 1495 671 1546 modo
688 1495 861 1566 tolerandum
872 1497 930 1547 exi-

135 1567 265 1632 stimans,
291 1583 387 1635 quum,
411 1567 561 1633 implorato
588 1567 729 1618 Ciceronis
758 1569 930 1636 testimonio,
947 1599 950 1606 r

136 1642 271 1708 quaedam
287 1658 316 1694 se
332 1642 365 1694 de
380 1637 572 1693 coniuratione
586 1639 660 1691 ultro
677 1639 713 1691 ed
724 1655 785 1691 eum
796 1639 929 1696 detulisse

32 1743 33 1746 ¹
136 1715 291 1780 docuisset,
306 1731 340 1768 ne
352 1715 436 1769 Curio
447 1714 570 1780 proemio
580 1713 722 1778 darentur,
731 1713 838 1766 effecit:
861 1715 928 1769 Vet-

61 1837 63 1845 ι
133 1791 212 1855 tium,
223 1790 386 1858 pignoribus
402 1787 490 1854 captis
506 1793 534 1838 et
548 1787 657 1858 direpta
672 1787 841 1855 supellectile
855 1792 928 1844 mele

133 1865 298 1928 mulcatum,
315 1878 348 1914 ec
357 1875 408 1929 pro
418 1861 517 1912 rostris
531 1862 561 1912 in
576 1862 709 1914 concione
724 1877 811 1930 paene
826 1863 927 1917 discer-

133 1945 225 2006 ptum,
246 1937 365 1988 coniecit
377 1936 407 1986 in
422 1949 572 1987 carcerem:
598 1935 694 1988 eodem
709 1937 829 1990 Novium
844 1954 926 2007 quae-

134 2019 250 2076 storem,
271 2010 346 2078 quod
361 2009 523 2076 compellari
539 2009 612 2078 apud
622 2027 651 2064 se
661 2012 795 2066 maiorem
805 2020 925 2080 potesta-

32 2151 34 2154 ·
132 2092 189 2138 tem
198 2099 296 2153 passus
307 2090 387 2136 esset.

170 2157 271 2211 XVIII.
294 2157 338 2210 Ex
356 2163 488 2226 prceture
510 2159 670 2212 ulteriorem
689 2163 804 2214 sortitus
823 2162 924 2230 Hispa·

132 2235 222 2299 niam,
247 2234 394 2286 retinentes
419 2233 570 2286 credr'tores
588 2235 743 2288 interventu
760 2252 924 2304 sponsorum

132 2308 264 2371 removit3
285 2323 598 2376 acnequemoreneque
612 2310 686 2374 iure,
704 2317 849 2378 antequam
860 2326 922 2378 pro-

132 2383 241 2436 vinciae
252 2389 423 2448 cruerentur,
433 2381 574 2451 proiectus
584 2389 639 2447 est3
658 2385 807 2448 incertum,
817 2391 923 2438 metune

75 2451 82 2462 '
132 2457 245 2524 ludicii,
267 2457 635 2526 quodprlvatoperabutur,
657 2473 706 2522 un,
726 2473 781 2525 quo
791 2460 923 2512 maturius

133 2533 218 2585 sociis
236 2533 450 2601 implorantibus
475 2532 640 2585 subveniret.
679 2530 837 2600 Pacateque
860 2549 921 2602 pro-

131 2607 231 2674 vincia,
242 2608 305 2678 pari
313 2607 505 2671 festinatione,
521 2621 577 2660 non
587 2609 751 2684 exspectato¹
757 2621 920 2676 successore,
