1986 2960
273 58 461 118 rraaarusl
492 69 705 120 *camos-os.
836 71 885 123 151
931 61 933 69 '

92 193 233 262 ignaviam
248 198 276 246 et
288 192 425 244 luxuriam
445 191 612 256 obicientis,
632 195 834 264 monentisque,
854 200 886 247 ut

91 267 251 320 voluntaria
261 273 348 319 morte
357 267 477 318 maximo
491 266 698 333 iustissimoque
706 267 807 320 eivitmt
817 269 892 322 odio.

92 341 293 410 quamprimum
304 339 483 394 satisfaceret.

149 413 262 466 LXVII.
281 414 434 481 Postremo,
446 415 589 483 semetipse
599 419 752 482 pertaesus,
766 413 819 466 tali
828 416 883 484 epi·

92 487 182 540 stolas
193 488 328 557 principio
343 493 449 540 tantum
462 504 519 541 non
533 503 665 541 summam
674 487 810 540 malorum
820 484 883 541 suo-

90 577 152 614 rum
166 561 306 630 professus
321 567 374 614 est:
397 561 469 627 Quid
486 561 699 624 smitam'oobis‚
716 569 808 628 patres
823 561 889 614 eom

78 635 197 703 'remitti
218 645 267 688 aut
280 636 405 703 quomado
419 636 544 699 scribam,
564 644 614 688 aut
627 635 691 703 quid
708 633 811 688 omuino
828 652 883 688 aon

92 709 218 772 scribam,
239 709 288 762 boe
302 718 427 777 tempore,
448 709 488 761 dii
499 725 540 762 me
554 711 667 778 deaeque
675 708 752 777 peius
757 709 881 777 perdant,

93 783 498 851 quumpuotidieperireteutio,
514 782 608 837 tireio.
646 783 814 835 Existimant
824 784 881 850 quii·

94 857 165 921 dam,
172 858 324 925 praescisse
329 856 462 910 haeoeum
473 859 572 926 peritia
582 857 745 922 fulturarum,
752 872 785 908 ao
794 857 880 909 multo

2 925 3 934 ’
92 935 169 995 ante,
190 938 293 998 quanta
303 947 332 984 se
342 931 506 1000 quandoque
518 933 653 984 acerbitas
664 939 691 984 et
699 930 815 984 infamia
824 945 881 982 ma·

90 1009 180 1068 neret,
196 1006 383 1073 prospexisse3
402 1005 533 1074 ideoque,
543 1011 574 1056 ut
583 1006 727 1074 imperium
736 1005 842 1069 inierit,
854 1010 882 1056 et

90 1077 203 1130 Patris
213 1079 345 1146 patriae
356 1079 576 1147 appellationem,
589 1085 616 1130 et
625 1095 658 1131 ne
668 1080 697 1130 in
708 1083 770 1130 acta
780 1091 830 1129 sua
839 1079 881 1128 iu·

89 1158 205 1215 raretur,
218 1152 434 1208 obstinatissime
443 1166 592 1218 recusasse,
602 1169 636 1204 ne
646 1165 710 1205 mox
720 1152 825 1204 maiore
835 1151 880 1204 ‹le-
948 1171 952 1177 ·

90 1226 189 1278 decore
207 1226 297 1294 impar
311 1225 397 1278 tantis
415 1223 566 1278 honoribus
584 1226 758 1278 inveniretur.
798 1225 880 1287 Quod

82 1313 156 1350 ¹saue
176 1313 209 1351 ex
224 1301 352 1353 oratione
366 1300 437 1364 airis,
458 1314 540 1367 quam
554 1299 587 1351 de
600 1305 716 1366 utraque
729 1314 759 1350 re
773 1296 878 1364 habuit,

90 1373 185 1440 colligi
201 1379 304 1441 potest:
323 1373 368 1426 vel
386 1387 468 1442 quum
484 1374 536 1437 ait,
557 1371 712 1425 Similemne
726 1372 881 1440 compereor·

82 1445 218 1518 siliarum,
230 1463 401 1514 necunquam
411 1454 573 1499 mutaturum
583 1453 667 1498 moret
676 1462 744 1510 euos,
756 1445 879 1514 quamdiu

89 1520 183 1572 mentis
193 1521 393 1593 taaaesuiuetJ
412 1521 458 1572 ted
466 1518 576 1589 exempli
583 1536 664 1574 eausa
678 1521 830 1586 cauendum,
846 1537 879 1573 ae

89 1607 117 1645 se
126 1603 231 1646 renatus
241 1595 269 1647 ia
279 1606 340 1649 aera
350 1595 501 1664 cuiusquam
511 1595 651 1666 obligaret,
664 1595 710 1664 qui
718 1595 805 1664 aliquo
816 1609 879 1648 casu

2 1705 3 1738 p
88 1667 289 1736 mutaripouet.
328 1669 364 1722 Et
373 1685 481 1735 rursus,
501 1669 533 1732 Si
545 1670 757 1738 quandoautem,
778 1670 877 1737 inquit,

2 1745 3 1756 ¹
88 1742 119 1793 cle
138 1742 252 1794 moribus
267 1742 330 1795 meis
343 1743 482 1811 deuotoque
496 1743 566 1796 uobis
580 1743 668 1796 auimo
688 1742 876 1804 dubitaveritis,

88 1815 171 1880 (quod
178 1815 334 1883 priusquam
348 1816 461 1881 eveniat,
482 1826 554 1885 opto,
575 1826 608 1870 ut
622 1833 663 1870 me
676 1832 810 1885 supremus
823 1815 877 1866 diet

87 1887 149 1942 buia
159 1898 276 1942 mutatae
285 1899 386 1942 uestrae
395 1891 426 1943 de
435 1907 476 1944 me
486 1891 604 1959 opinioni
616 1891 740 1958 eripiat,)
754 1889 823 1941 nibil
830 1887 875 1940 bo·

85 1963 160 2016 morie
169 1963 279 2016 adiiciet
287 1964 353 2016 milti
363 1963 472 2017 Patris
482 1965 617 2032 patriae
631 1962 769 2031 appellatio
773 1978 787 2025 ,·
805 1962 876 2015 uobis

84 2031 173 2090 autem
184 2037 351 2105 exprobrabit
359 2047 409 2091 aut
417 2037 590 2092 temeritatem
604 2037 685 2090 delati
694 2035 760 2106 mibi
768 2035 824 2088 eius
832 2053 874 2089 oo·

83 2111 226 2180 guorrziais,
237 2121 285 2164 aut
294 2111 497 2165 inconstantiam
507 2111 638 2165 cammarii
647 2111 676 2162 cie
686 2127 726 2162 me
736 2109 836 2164 iudicii.

140 2185 265 2238 valtt.
286 2185 408 2255 Corpore
417 2185 471 2238 fuit
481 2186 572 2255 amplo
585 2193 665 2253 atquo
675 2185 803 2248 robust03
818 2189 873 2236 sta·

82 2264 155 2324 true,
168 2275 238 2328 quae
247 2261 348 2311 iustam
360 2261 514 2323 excederem
534 2262 606 2312 latus
617 2261 651 2312 ab
662 2257 780 2312 humeris
791 2264 819 2311 et
827 2273 873 2326 pe·

83 2338 173 2396 ctorem
196 2335 346 2402 ceterisque
360 2336 488 2386 membris
502 2350 590 2402 usque
605 2334 641 2385 ad
654 2334 725 2386 imos
734 2331 818 2402 pedes
828 2347 872 2384 ae·
934 2365 938 2376 ›

83 2406 175 2473 qualis
189 2414 217 2460 et
232 2423 397 2476 congruens;
417 2409 530 2460 sinistra
543 2423 625 2460 nianu
636 2407 751 2477 agiliore
762 2405 873 2466 anuali·

82 2479 176 2543 diore;
197 2483 321 2534 articulis
330 2482 372 2534 ita
381 2483 480 2547 firmis,
490 2487 522 2534 ut
530 2497 623 2534 reeens
634 2489 662 2535 et
670 2483 805 2550 integrum
815 2495 872 2531 me·
914 2518 916 2526 .

81 2553 139 2606 lum
150 2555 238 2628 digito
249 2557 400 2616 terebraret
404 2572 411 2624 3
432 2561 515 2628 eaput
523 2557 613 2628 pueri,
628 2557 672 2611 vel
686 2557 769 2610 etiam
780 2553 871 2609 adole-
