1986 2960
209 83 469 162 accamanus.
504 113 714 163 caasa-ee.
826 113 859 166 oo

63 250 115 288 nec
134 233 222 301 ultra,
243 237 379 304 exposuit.
417 234 560 309 Poipicam
580 239 735 290 summatim
755 239 857 308 attigit.

61 310 141 362 linus
151 309 222 361 liber
232 316 329 376 exstat,
336 311 455 379 scriptus
464 311 501 362 ab
512 327 545 364 eo
551 309 715 364 hexametris
723 314 857 379 versibus,

62 384 144 437 cuius
163 389 192 435 et
205 390 394 452 argumentum
407 390 435 437 ct
447 385 545 437 titulus
560 391 602 436 est
619 383 720 438 Sicilia.
758 385 858 440 Exstat

61 458 135 510 alter
145 455 232 526 aequo
242 457 367 512 modicus
376 457 622 528 Epigrammatum,
639 473 710 528 quae
723 458 780 512 lere
789 466 856 512 tem·

59 547 132 600 pore
145 531 239 582 balnei
251 533 444 584 meditabatur.
484 533 554 584 Nam
567 533 741 601 tragoediam
754 549 855 601 magno

59 607 168 673 impetu
177 619 300 670 exorans,
310 621 366 658 non
376 607 537 660 succedente
547 607 621 672 stilo,
628 607 762 671 abolevit3
773 623 855 675 quae·

10 695 11 708 ¹
59 679 242 746 sentibusque
249 675 360 744 andem,
371 679 495 747 pasidaam
505 679 577 734 Aiax
586 689 691 750 ageret,
702 681 854 750 respondit,

61 753 174 806 Aiacem
184 768 259 805 enum
268 752 298 805 in
307 753 445 824 spongiam
454 753 618 822 incubuisse„
743 790 758 808 ,ι

10 835 13 934 ν
119 824 271 879 Lxxxvl.
292 826 384 880 Genus
399 828 546 898 eloquendi
559 835 668 882 secutum
683 835 725 881 cst
744 829 854 898 elegans

62 902 391 970 attemperatumvitacis
399 903 595 954 sententiarum
603 903 802 972 ineptiisatque
812 904 853 954 in·

62 975 248 1030 concinnitate
259 981 286 1028 et
295 975 487 1028 reconditorum
500 977 647 1041 cesimum,
664 984 694 1028 nt
705 978 765 1048 ipse
776 977 853 1042 dicit,

54 1048 216 1121 foetoribus.
255 1049 488 1118 Praecipuamqn'e
513 1051 606 1103 casiam
629 1051 720 1115 drmit,
744 1066 854 1103 sensum

61 1124 149 1178 animi
159 1138 241 1192 quam
252 1125 422 1191 apertissime
431 1125 590 1192 exprimere.
628 1123 710 1186 Quod
720 1139 775 1192 qno
785 1123 854 1176 iaci·

59 1198 115 1252 lius
126 1198 257 1262 alliceret,
278 1204 326 1250 ant
335 1199 433 1250 necubi
442 1197 572 1250 lectorem
581 1198 625 1250 vel
635 1196 789 1250 auditorem
805 1198 852 1250 ob·

59 1273 187 1326 turbaret
196 1286 229 1349 aa
242 1277 410 1336 moraretur,
427 1287 515 1340 neque
529 1265 747 1340 praepositiones
760 1270 852 1323 verbis

60 1347 176 1410 addere,
195 1361 285 1414 nequo
297 1345 503 1398 coniunctiones
513 1345 622 1412 saepius
632 1345 732 1397 iterare
743 1344 851 1398 dubita-

58 1422 108 1486 vit,
120 1435 192 1488 quae
201 1419 340 1472 detractae
351 1418 470 1471 allorum
479 1419 586 1494 allqtdd
597 1419 786 1484 obscuritatis,
798 1420 852 1473 etsi

58 1495 180 1564 gratiam
194 1501 303 1562 augent.
342 1493 494 1546 cacozelos
508 1499 536 1546 et
555 1494 739 1562 antiquarios,
759 1500 791 1545 ut
810 1494 851 1546 di·

57 1583 140 1622 verso
150 1583 248 1636 genere
257 1569 387 1633 uitiosos,
401 1568 464 1637 pari
476 1566 590 1620 fastidio
601 1568 711 1636 sprevit.
749 1567 851 1636 Exegi·

10 1647 11 1656 ¹
57 1645 192 1712 tabatque
205 1658 400 1713 nonnunquam
417 1643 542 1712 inprimis
556 1642 742 1696 Maecenatem
762 1657 850 1705 suum,

10 1713 12 1812 l
60 1718 141 1770 enisis
149 1719 327 1784 μυριβριχεῐς,
338 1725 369 1769 ut
379 1718 434 1782 ait,
443 1715 780 1786 ciacinmusqueqnaque
790 1730 850 1785 pcr-

10 1817 12 1858 l
59 1791 198 1858 seqnitur,
218 1798 246 1844 et
259 1792 394 1845 imitando
407 1806 457 1861 per
470 1792 562 1843 ioniam
581 1791 687 1844 irridet.
727 1789 780 1842 Sed
800 1803 851 1841 nec

10 1861 12 1924 l
59 1864 175 1918 'liborio
189 1867 292 1933 parcit,
312 1865 477 1918 ctexoletaa
491 1865 626 1918 interdum
647 1871 675 1916 et
693 1862 851 1916 reconditas

10 1939 11 1944 ’
59 1953 143 1992 voces
157 1940 313 2009 aucupanti.
351 1939 391 1992 Μ.
401 1939 511 2010 quidem
520 1935 667 1991 Antonium
680 1943 711 1989 nt
724 1937 850 1988 manuam

58 2013 200 2080 increpat,
212 2014 293 2083 quasi
302 2029 335 2068 ea
345 2015 520 2077 scribentem,
535 2012 747 2080 qnaemncnam
757 2011 851 2077 potins

58 2084 198 2151 homines,
213 2103 294 2156 quam
305 2088 469 2156 intelligant.
500 2086 626 2149 Deinde,
642 2084 851 2136 ludensmalum

58 2165 87 2213 et
105 2161 265 2216 inconstans
283 2162 313 2214 in
332 2161 576 2230 eligendo·genere
590 2158 700 2212 dicendi
712 2159 851 2226 ingenium

57 2234 129 2298 eins,
151 2233 230 2286 addit
238 2233 318 2288 luem
342 2233 502 2302 lacuque
511 2233 632 2297 dubitas,
650 2231 850 2284 &omanadu-

55 2307 125 2370 m‘ue,
136 2323 173 2369 aa
188 2307 296 2361 Verrius
305 2308 418 2365 Fidenas
427 2307 551 2361 imitandi
559 2307 612 2360 sint
622 2305 687 2359 atie
704 2305 744 2358 ita
754 2314 786 2360 at
793 2323 849 2358 oer-

56 2381 109 2444 bie,
126 2397 193 2449 puae
204 2381 248 2434 ce.
261 2383 404 2436 Salmonea.
414 2381 545 2450 creamur
556 2397 589 2434 ea
601 2378 758 2450 Originibus
772 2379 850 2432 Cato·

55 2454 111 2520 ais,
128 2455 232 2508 armni
259 2473 296 2510 aa
304 2457 394 2526 patius
410 2455 592 2508 Asiaticorum
609 2464 746 2508 materam
764 2453 851 2506 imnis

55 2529 194 2583 micanti
205 2531 342 2584 minema
361 2529 513 2583 colandilitae.
526 2530 558 2582 ia
574 2538 692 2584 menam
709 2544 851 2594 termonem

55 2603 261 2677 transferenda!
296 2605 333 2658 Et
347 2605 466 2676 quadam
486 2601 605 2674 epistola
618 2603 786 2674 Agrippinae
805 2618 839 2648 ινΛ

501 2691 504 2700 ’
604 2696 651 2742 Gi
