1986 2960
257 101 443 152 TIBERIUS.
479 103 557 150 CAP.
575 103 691 150 43-48.
819 99 869 154 139

4 293 5 296 ¹
72 211 246 278 obscenitate
256 226 313 276 oris
323 223 430 278 lrirsuto
442 231 524 293 atquc
535 225 612 278 olido
623 226 683 278 seni
693 225 868 294 clareexpro·

51 301 163 352 brata.
202 299 366 352 {indenata
384 301 414 351 111
433 299 587 352 Atellanico
608 299 710 352 exodio
734 302 868 366 proximis
963 359 965 364 ⁸

68 373 146 426 ludis
163 388 276 424 assensu
290 375 410 444 maximo
425 381 551 442 excepta,
571 375 739 442 percrebuit:
766 372 868 426 Iciacum

68 448 186 500 vetulum
196 448 297 514 cupreis
306 457 430 500 naturam
441 448 576 518 ligurrire.

128 519 227 572 XLVI.
247 521 385 574 Pecuniae
395 536 494 589 parcus
506 536 539 574 ac
548 528 645 587 tenax,
667 523 780 574 comites
791 537 867 590 pere·

68 597 261 663 griuationum
272 596 530 665 expeditionumque
540 611 679 663 nunquam
695 597 798 648 salario
805 634 813 662 ,
821 631 823 636 ,
830 598 867 649 ci·

68 670 160 721 bariis
169 675 286 734 tantum,
296 671 473 735 sustentavit3
483 687 566 722 unam
577 670 660 722 modo
671 671 867 722 liberalitatem

70 759 105 796 ex
115 743 287 810 indulgentia
295 745 389 796 vitrici
398 751 573 812 prosecutus,
591 757 686 812 quum,
697 747 786 796 tribus
796 745 867 796 blas·

69 819 148 870 sibus
158 817 248 882 factis,
259 833 310 885 pro
322 819 455 886 dignitate
466 820 611 886 utriusque,
623 821 728 886 primae
738 825 867 872 sexcenta

68 892 211 956 sestertia,
227 893 362 944 secrmdae
374 893 573 960 quadringenta
584 893 736 958 distribuit,
749 895 866 945 ducenta

68 966 865 1035 tertiae,quamnonamicorum,sedgratourmappellabat.
942 1031 944 1040 x

4 1045 6 1050 ’
126 1039 238 1092 XLVll.
259 1039 389 1108 Princeps
404 1055 492 1108 nequo
508 1055 594 1109 opera
603 1041 661 1094 ulla
671 1043 818 1109 magnilica
827 1040 865 1093 fe·

70 1113 109 1165 cit
120 1117 195 1176 (nam
206 1120 233 1166 et
243 1130 313 1181 quae
329 1116 390 1167 sola
404 1122 574 1184 susceperat,
595 1117 712 1182 Augusti
725 1115 865 1182 templum,

4 1189 6 1194 '
69 1188 325 1255 restitutionemque
335 1188 498 1257 Pompeiani
507 1189 622 1254 theatri,
632 1189 793 1258 imperfecta
802 1195 867 1258 post

69 1267 114 1315 tot
125 1278 211 1314 annos
221 1263 360 1330 reliquit),
375 1267 463 1330 neque
474 1264 632 1332 spectacula
643 1264 753 1315 omnino
765 1263 866 1326 edidit;

71 1344 99 1388 et
107 1337 157 1402 iis,
175 1353 245 1404 quae
256 1338 290 1388 ab
302 1337 396 1404 aliquo
408 1338 566 1401 ederentur,
581 1338 723 1390 rarissime
732 1337 866 1402 interfuit,

70 1427 105 1463 ne
121 1411 186 1478 quid
202 1417 408 1479 exposceretur,
427 1413 523 1478 utique
542 1418 689 1479 postquam
705 1413 866 1471 comoedum

70 1487 179 1538 Actium
196 1491 308 1537 coactus
324 1491 366 1538 est
380 1487 579 1538 manumittere.
618 1485 774 1539 Paucorum
788 1501 866 1538 sena·
941 1543 950 1547 ,

45 1579 48 1583 ·
70 1565 162 1612 torum
182 1561 279 1628 inopia
301 1567 466 1624 sustentata,
486 1577 521 1613 nc
536 1559 663 1628 pluribus
679 1577 758 1629 opem
773 1560 865 1624 ferret,

70 1635 182 1700 negavit
192 1650 221 1685 se
233 1634 295 1685 aliis
306 1628 514 1700 subventurum,
534 1636 590 1686 nisi
605 1636 712 1688 senatui
722 1637 810 1687 iustas
820 1651 866 1685 ne-

4 1741 6 1780 ,
72 1709 231 1759 cessitatum
242 1724 339 1760 causas
350 1710 522 1778 probassent.
553 1711 614 1771 Quo
626 1715 709 1778 paeto
719 1709 866 1776 plerosque

4 1783 5 1798 ³
71 1782 208 1832 modestia
223 1788 251 1833 et
265 1783 370 1849 pudore
386 1784 530 1835 deterruit:
549 1785 579 1835 in
594 1785 693 1851 quibus
708 1783 865 1844 Hortalum,

73 1855 106 1916 Q.
118 1855 263 1908 Hortensii
273 1859 393 1908 oratoris
403 1863 538 1926 nepotem,
550 1859 605 1924 qui,
617 1856 783 1926 permodica
785 1871 815 1908 re
825 1855 865 1906 fa·

71 1929 183 1994 miliari,
196 1936 307 1983 arictore
317 1931 440 2000 lugusto
453 1938 572 1999 quatuor
581 1932 684 1983 liberos
694 1931 805 1982 tulerat.

126 2003 252 2056 XLVlll.
272 2004 385 2057 Publice
401 2006 613 2057 munificentiam
634 2005 943 2057 brennensem·

73 2075 173 2130 hibuit.
194 2081 338 2147 proposito
355 2081 454 2132 millies
470 2078 596 2132 sestertio
611 2079 753 2148 gratuito
744 2093 774 2130 111
783 2079 867 2130 trien

71 2153 112 2204 1111
121 2159 242 2220 tempus3
259 2159 286 2206 et
295 2169 390 2206 trusus
401 2155 564 2221 quibusdam
576 2154 695 2206 dominis
705 2153 866 2217 insularum,

72 2227 182 2294 quaein
193 2229 385 2280 montecoelio
397 2229 621 2295 deflagraverant,
626 2229 716 2296 pretio
728 2229 866 2279 restituto.

72 2302 197 2364 Quorum
212 2302 327 2354 alterum
341 2317 441 2370 magna
456 2301 616 2354 difficultate
630 2302 797 2367 nummaria,
818 2316 867 2369 po-

68 2376 136 2442 pulo
149 2376 282 2436 auxilium
297 2377 453 2444 flagitante,
474 2383 587 2428 coactus
601 2383 643 2428 est
657 2376 762 2441 faeere,
783 2391 866 2446 quum

69 2466 119 2517 per
129 2456 241 2501 senatus
253 2451 407 2504 consultum
417 2451 566 2515 sanxisset,
577 2456 609 2502 ut
618 2451 786 2503 feneratores
797 2451 867 2501 duas

70 2525 233 2592 patrimonii
243 2527 353 2593 partes'
344 2542 375 2576 111
384 2525 446 2576 solo
457 2525 637 2590 collocarent,
653 2525 791 2578 debitores
801 2525 866 2575 toti·

72 2598 134 2650 dem
144 2600 216 2654 aeris
227 2600 312 2654 alieni
321 2601 414 2654 statim
429 2599 580 2668 solverent,
600 2615 650 2656 nec
665 2617 709 2656 res
724 2598 865 2669 expedire·
