1986 2960
144 110 195 165 lit
419 117 446 162 G.
472 115 658 164 SUETONH

142 234 276 300 reterens,
293 236 368 304 qnod
377 253 407 289 se
418 239 570 306 quondam,
586 253 647 290 cum
657 239 780 292 exercitu
788 240 934 308 iniquitate

141 309 199 362 loci
209 309 426 375 circumclusum,
437 327 535 378 passus
546 319 618 364 essct
628 312 751 364 evadere.
785 312 933 369 Prandium

142 381 241 436 dehinc
250 385 353 452 populo
364 384 439 436 mille
450 387 565 450 mensis,
586 392 614 437 et
628 386 799 454 congiarium
808 393 932 442 trecenos

140 473 266 510 nummos
275 458 378 510 viritim
388 458 473 510 dedit.
511 459 659 511 Dedicevit
669 467 696 512 et
706 462 877 514 Concordiae
888 479 931 516 ae-

141 531 216 594 dem3
235 532 301 583 item
311 531 435 584 Pollucis
448 538 476 586 et
486 534 611 586 Castoris
625 549 676 587 suo
687 533 835 604 fratrisque
845 539 930 589 norni-

140 605 375 658 ncdemsnublis.
843 609 846 617 '

195 678 270 730 XXI.
290 679 329 734 Ac
343 695 399 732 non
412 680 498 732 multo
513 686 578 748 post
591 681 651 750 lege
665 697 714 750 per
729 684 854 736 corisules
863 682 930 750 leta,

138 759 170 804 ut
179 753 337 820 provincius
352 769 413 806 cnm
426 754 549 822 Angusto
562 749 744 809 communiter
758 758 930 810 administru-

138 834 181 878 ret
190 826 325 896 simulque
336 843 445 882 cenmor
456 835 563 896 ageret,
577 830 691 882 condito
704 831 793 884 lustro
802 832 831 894 iu
840 831 930 899 lllyri-

115 963 118 972 1
138 915 200 952 cunr
213 900 354 968 proiectus
367 907 417 954 est.
454 901 492 966 Et
504 903 598 956 statim
611 919 646 956 ex
658 904 757 956 itinere
775 911 930 972 revocatus,

136 975 193 1025 ianr
214 974 324 1042 quidem
344 974 486 1041 effectum,
507 977 556 1029 sed
573 983 664 1030 trsrren
678 976 931 1044 spirantemadhnc

136 1047 288 1116 Augustum
307 1050 422 1117 reperit;
450 1049 558 1119 fuitque
576 1065 633 1104 uno
650 1055 755 1102 mereto
771 1064 820 1118 per
838 1055 930 1104 totum

137 1122 220 1174 diem.
259 1121 337 1187 Scio,
351 1123 435 1191 vulgo
445 1139 620 1191 percussum,
635 1125 728 1195 quasi,
744 1139 854 1193 egresso
864 1133 931 1192 post

137 1201 272 1249 secretum
286 1212 438 1250 sermonem
449 1199 577 1265 liberio,
597 1213 652 1252 vox
660 1200 777 1268 Augusti
790 1214 840 1268 per
854 1201 930 1252 cubi·

137 1269 258 1323 culerlos
279 1277 394 1339 excepta
412 1273 463 1324 sit:
487 1271 617 1328 Miserum
632 1276 758 1343 populum
772 1273 930 1337 Romanum,

88 1353 92 1361 ’
138 1342 185 1410 qui
202 1343 248 1396 seed
269 1353 325 1397 tam
339 1345 415 1398 leem
433 1347 547 1400 matildis
567 1348 633 1401 erit!
669 1348 711 1402 Ne
731 1349 801 1400 illud
820 1349 929 1416 quidem

136 1419 250 1484 ignoro,
262 1418 371 1486 sliquos
380 1421 542 1485 tradidisse,
553 1421 703 1490 Augentum
713 1423 805 1490 pelam
815 1438 866 1474 uec
876 1422 931 1474 dis-

136 1491 297 1568 simulanter
309 1507 417 1546 morum
431 1495 490 1545 eius
510 1494 655 1546 diritatem
665 1496 735 1550 adeo
749 1497 928 1566 improbasse,

135 1570 167 1616 ut
175 1579 371 1632 nonnunquam
379 1567 558 1624 remissioresx
568 1565 768 1635 hilarioresque
779 1585 902 1622 sermone

136 1637 396 1704 supervenientem,
407 1639 595 1704 ubrrrmpcret3
615 1639 663 1690 sed
673 1647 857 1706 expugnatum
867 1658 929 1707 pre-

136 1711 214 1763 cibus
231 1710 328 1760 uxoris
349 1711 526 1776 adoptionem
545 1725 601 1762 non
621 1711 765 1773 senense,
781 1712 931 1765 ueletiam

135 1781 286 1835 ambitione
294 1788 426 1848 tractum,
446 1785 538 1836 rrttali
547 1798 705 1836 successore
715 1782 931 1846 desiderabilior

133 1859 194 1924 ipse
205 1855 370 1925 quandoque
379 1857 466 1909 lieret.
497 1857 711 1910 'Adduoitemen
724 1873 845 1926 nequeo,
860 1863 930 1930 quin

134 1930 300 1995 existimem,
321 1931 624 1999 circumspectissimum
644 1938 672 1984 et
685 1932 930 2000 prudentissimum

70 2065 74 2074 1
133 2006 429 2074 prinoipem,intanto
437 2007 600 2074 praesertim
608 2008 735 2075 negotio„
745 2007 816 2060 nillil
825 2015 930 2062 temere

133 2079 242 2145 fecisse,
253 2081 302 2132 sed
312 2080 388 2132 vitiis
397 2081 599 2149 mentibusque
609 2083 717 2134 Tiberii
726 2083 867 2151 perpensis
878 2098 930 2150 po*

134 2153 221 2206 tiores
233 2155 344 2208 duxisse
353 2155 482 2218 virtutem
501 2157 662 2222 praesertim
674 2172 756 2225 quum
767 2163 795 2210 et
803 2156 928 2224 reipubli-

135 2244 182 2280 cae
191 2237 272 2281 ccccc
282 2231 408 2297 adoptare
418 2245 445 2281 se
455 2245 573 2298 cumpro
585 2233 718 2285 concione
733 2233 879 2296 iuraverit,
901 2239 930 2285 et

134 2303 260 2370 epistolis
272 2304 380 2372 aliquot
388 2309 419 2354 ut
429 2305 624 2372 peritissimum
634 2307 827 2371 rei-militaris,
841 2311 928 2374 utque

52 2389 58 2399 ¹
132 2375 858 2449 unicumpopuliRomanipraesidiunrprosequatur.
883 2381 928 2431 Ex

134 2450 233 2518 quibus
243 2452 272 2502 in
283 2454 436 2519 exemplum
446 2469 536 2521 pauor
546 2453 682 2507 hincinde
693 2445 807 2506 subieci
850 2452 877 2504 V
875 2456 924 2515 cle,

132 2523 316 2578 inmodicam
329 2525 427 2590 ittet,
439 2537 466 2579 st
474 2525 804 2598 rem=gerefels¹oiter,'iuod
815 2525 858 2576 sat
866 2532 926 2582 ταῖς

132 2595 253 2656 Μούσαις
262 2601 468 2666 ceperimus.—
477 2600 679 2664 Iccrmdim'm
690 2610 728 2667 rt,
740 2601 780 2654 itu
789 2600 924 2672 simfelix,
