1964 2970
189 69 318 128 rubrus
343 79 500 128 caussa.
537 79 614 126 car.
633 81 748 126 sa-oa.
815 75 868 128 ’33

65 201 208 265 aseendit3
230 203 308 254 euius
318 203 403 256 etiam
415 203 505 254 instar
516 207 569 270 pro
581 200 649 254 aede
657 200 774 273 teneris
786 199 869 252 Geni·

62 278 146 328 tricis
157 280 258 342 postea
268 276 415 328 dedicavit.
926 344 928 350 y

119 364 211 416 LXII.
222 365 387 418 inclinatam
398 365 485 418 aeiem
495 365 573 424 solus
583 380 666 434 saepe
676 366 806 430 restituit,
818 366 866 418 ob·

62 441 167 492 sistam
177 439 362 506 fugientibus,
381 441 555 507 retinensque
566 440 704 506 singulos,
720 446 748 490 et
757 446 866 492 contor-

60 516 99 566 tis
114 513 247 567 saucibus
262 521 423 566 convertens
437 515 467 565 in
481 512 602 566 hostem:
627 513 780 581 etquidem
795 514 865 566 adeo

61 589 228 656 plenamque
237 587 375 656 trepidos,
395 594 428 639 ut
441 587 572 655 aquilifer
582 587 742 640 morentiae
753 587 867 656 cuspide

64 664 101 714 sit
112 662 313 725 comminatum
333 661 405 738 alius
415 663 445 716 in
460 677 544 714 manu
559 662 707 714 detinentis
723 661 867 730 reliquerit

64 751 187 804 signum.

8 849 13 886 ς
118 824 224 877 LXlll.
243 825 307 878 Non
321 826 430 897 minora
448 825 499 878 illa
519 827 694 880 constantiae
713 827 786 892 eius,
806 827 864 881 imo

62 901 176 952 maiora
185 901 271 952 etiam
280 900 385 952 indicia
395 901 506 953 iueritu.
544 900 613 954 Post
626 903 714 954 aciem
724 900 865 954 Pharsali·

8 1007 10 1036 ι
64 991 135 1039 eam,
148 989 234 1042 quum
243 974 403 1043 praemissis
417 975 447 1026 in
457 975 551 1027 Asiam
563 977 652 1044 copiis
661 991 711 1044 per
721 977 865 1044 angustias

63 1049 244 1116 Hellesponti
253 1049 377 1100 uectoria
386 1049 515 1101 navicula
525 1049 673 1114 traiiceret,
686 1050 716 1102 Ο.
728 1050 864 1115 Cassium,

63 1125 155 1190 partia
175 1122 322 1187 adversae,
344 1139 406 1175 oum
426 1124 519 1180 decem
539 1125 669 1176 rostratis
683 1124 801 1176 navibus
816 1124 864 1176 ob·

67 1197 139 1248 mum
151 1197 215 1260 sibi,
225 1212 315 1264 neque
324 1195 439 1266 refugit,
460 1202 488 1250 et
502 1199 627 1250 cominus
641 1196 769 1262 tendens,
789 1197 863 1251 ultro

67 1271 102 1322 ad
112 1271 282 1323 deditionem
293 1269 429 1337 hortatus,
440 1273 594 1341 supplicem
604 1272 641 1323 ad
651 1287 680 1324 se
690 1272 803 1339 recepit.

121 1369 225 1422 LXIV.
243 1371 441 1437 Alexandriae,
462 1373 538 1424 eirea
553 1373 785 1441 oppugnationem
795 1389 864 1442 pon·

66 1444 111 1510 tis,
122 1445 270 1513 eruptione
279 1443 400 1498 hostium
411 1448 505 1499 subita
515 1447 673 1516 compulsus
683 1448 712 1501 io
723 1449 863 1519 scapham,

66 1518 193 1586 pluribus
213 1519 585 1589 eodempraeeipitantibus,
607 1538 690 1590 quum
707 1523 865 1577 desiluisset

65 1594 95 1644 in
104 1609 195 1659 mare,
209 1595 303 1647 nando
314 1610 364 1662 per
373 1595 506 1648 ducentos
517 1611 615 1663 passus
626 1599 714 1650 evasit
724 1598 760 1650 ad
770 1599 864 1667 proxi»

65 1681 139 1720 nram
149 1668 337 1734 navem‚elata
347 1669 435 1735 laeva,
446 1685 481 1722 ne
491 1670 588 1735 libelli,
595 1687 665 1739 quos
675 1675 796 1738 tenebat,
808 1689 865 1725 ma-

66 1742 212 1806 deiierent3
231 1744 456 1810 paludamentum
467 1745 607 1798 mordiens
616 1746 741 1812 trahens,
756 1763 791 1800 ne
801 1763 865 1816 spo-

8 1887 10 1898 !
65 1815 105 1869 lio
117 1815 363 1884 postumianus.

123 1905 212 1958 va.
230 1907 349 1961 Militem
359 1925 447 1977 neque
462 1910 616 1962 amoribus
626 1925 714 1980 neque
725 1909 865 1963 aiormna

66 1981 220 2049 probabat,
241 1983 290 2040 sed
300 1988 406 2035 tantum
422 1999 439 2034 a
452 1979 571 2047 viribus3
594 1986 788 2052 tractabatque
801 1985 865 2052 pari

66 2057 214 2109 severitate
229 2063 312 2126 atque
328 2058 509 2126 induigentia.
548 2058 612 2110 Non
627 2061 699 2111 enim
712 2059 816 2125 ubique
830 2075 864 2112 ae

67 2145 187 2198 semper,
202 2131 263 2195 sed,
279 2147 362 2200 quum
372 2131 460 2184 hostis
470 2134 499 2184 in
509 2135 637 2201 proximo
649 2138 732 2196 esset,
754 2137 862 2186 ooe'ree·

66 2205 128 2257 bet:
152 2211 211 2257 tum
230 2208 349 2258 nterim
364 2213 477 2259 exactor
490 2208 670 2276 gravissimus
689 2206 861 2276 disciplinae,

67 2286 99 2332 ut
111 2295 201 2348 neque
213 2281 322 2332 itineris
335 2296 423 2349 neque
437 2282 539 2348 proelii
551 2288 658 2349 tempus
673 2280 860 2348 denuntiaret,

68 2353 117 2406 sed
125 2359 254 2422 peratum
264 2358 293 2406 'et
300 2355 434 2408 intentum
443 2356 589 2408 momentis
600 2357 735 2423 omnibus,
741 2357 858 2426 quovel-

68 2426 118 2492 let,
139 2428 232 2481 subito
248 2429 385 2486 educeret,
425 2429 507 2492 Quod
521 2431 605 2482 etiam
619 2431 678 2484 sine
698 2447 783 2484 eausa
801 2433 859 2501 ple·
924 2483 937 2492 ,

69 2515 182 2570 rumque
195 2501 330 2568 iaciebat,
349 2504 497 2572 praecipue
511 2504 612 2572 pluviis
627 2511 655 2558 et
662 2505 741 2558 iestis
752 2505 859 2557 diebus.

71 2575 107 2628 do
115 2576 232 2630 subinde
241 2593 272 2650 se
282 2578 483 2632 observandum
494 2578 643 2631 admonens
657 2585 768 2648 repente
777 2580 860 2638 inter·

101 2668 246 2718 sunnon.
637 2670 657 2716 ὓ
