1992 2962
108 167 158 220 230
386 168 413 213 G.
438 165 643 214 summouit:

108 291 178 343 Urbi
197 304 276 341 sacro
296 259 475 352 Latinamrm,
496 288 678 340 celeberrimis
697 286 826 356 patronis
841 302 901 340 nou

107 363 307 426 translaticias,
319 369 349 414 ut
360 362 473 426 assolet,
485 367 512 413 et
521 363 625 426 breves,
635 362 684 414 sed
694 361 828 414 maximas
838 361 900 430 plu-

107 439 245 506 rimasque
255 436 454 504 postulationes
461 436 583 486 certatim
593 436 792 504 ingerentibus3
804 451 899 501 qnam·
993 443 994 470 i

107 513 149 564 vis
168 511 342 562 interdictum
362 525 385 560 a
398 508 514 561 Claudio
526 514 606 560 esset.
648 509 707 562 Nec
725 509 812 579 multo
832 514 900 576 post
993 503 994 554 l

108 585 187 636 duxit
200 599 315 637 tuorem
329 582 488 645 Octaviam,
509 583 648 651 ediditque
662 597 712 651 pro
729 581 846 634 Claudii
853 597 898 634 sa·
993 579 994 582 ’

62 675 69 682 ·
107 659 164 710 lute
175 658 315 709 Circenses
325 663 352 708 et
360 657 542 708 venationem.

163 730 236 782 Vlll.
257 729 453 798 Septemdecim
472 735 553 780 natus
573 745 673 793 anuos,
689 735 721 782 ut
735 729 768 782 dc
780 728 897 782 Claudio

108 805 200 874 palam
213 803 315 856 faourm
329 809 382 866 est,
396 804 467 854 inter
476 802 573 854 horam
586 815 691 855 sextam
701 805 899 872 septimamque
916 797 926 814 “

108 877 244 948 processit
254 877 289 928 sd
299 877 483 940 excubitores,
499 893 582 946 quum
593 878 629 928 ob
638 879 725 928 totius
736 877 792 928 diei
802 877 899 930 dirita-

109 964 165 1004 tom
184 966 239 1003 non
259 949 335 1002 aliud
355 951 517 1018 auspicandi
535 957 641 1018 tempus
665 951 900 1003 accommodatius

110 1026 266 1087 sidereum
290 1039 394 1093 proque
408 1021 510 1074 Palatii
523 1024 654 1092 gradibus
672 1024 816 1091 imperator
835 1039 900 1076 con·
939 1029 943 1036 '

111 1100 259 1163 salutatus,
274 1097 373 1150 lectica
382 1098 411 1148 in
422 1104 521 1162 caetra,
533 1104 559 1150 et
568 1098 632 1150 inde
642 1099 743 1166 raptim
753 1097 900 1166 appellatis

111 1173 245 1225 militibus
264 1173 293 1224 in
313 1172 416 1223 cuniam
436 1171 542 1224 delatus
562 1177 621 1234 est3
646 1172 825 1240 discessitque
843 1172 907 1225 iam

111 1248 231 1318 vesperi,
252 1261 285 1298 er
295 1245 446 1309 immensis,
463 1245 561 1315 quibus
572 1245 774 1309 cumulabatur,
789 1245 901 1296 bonori-

113 1322 177 1385 bus,
192 1325 299 1372 tautum
305 1318 506 1387 parapasios
515 1320 625 1374 nomine
634 1325 774 1385 reumate,
789 1325 904 1388 propter

113 1401 240 1448 aetatem.
945 1432 949 1445 s
992 1445 994 1452 ,

168 1466 216 1518 lx.
238 1465 322 1518 Orsus
331 1464 395 1518 hinc
405 1481 422 1518 a
432 1467 543 1535 pietatis
554 1466 745 1531 ostentatione,
757 1465 904 1518 Claudium

114 1540 326 1610 apparatissimo
346 1540 441 1592 funere
454 1541 556 1592 clatrnn
575 1540 699 1592 laudavit
719 1541 904 1604 consecravit-

114 1631 176 1682 que.
217 1613 368 1666 Memoriae
387 1613 505 1665 Domitii
524 1614 610 1681 patris
629 1613 748 1666 honores
765 1615 904 1678 maximos

113 1687 218 1741 habuit.
256 1686 342 1738 Matri
354 1702 486 1738 summam
498 1689 617 1740 omnium
631 1688 905 1757 rerumpublicarum

113 1764 335 1830 privatarumque
354 1761 486 1826 permisit.
525 1760 617 1813 Primo
638 1763 721 1813 etiam
733 1762 844 1830 imperii
857 1763 905 1815 die

31 1867 36 1871 ,
114 1837 221 1903 signum
235 1833 381 1886 excubanti
399 1833 510 1886 tribuno
531 1833 607 1888 dedit
622 1832 755 1904 Optimam
774 1843 905 1898 matrerm

115 1925 148 1962 ac
163 1909 290 1975 deinceps
306 1906 425 1960 eiusdem
440 1921 522 1975 saepe
537 1909 638 1960 lectica
650 1924 699 1977 per
712 1909 852 1977 publicum
866 1909 903 1960 si·
919 1947 922 1952 .

113 1983 171 2036 mul
179 1988 272 2035 vectus
282 1988 332 2034 est.
369 1980 480 2033 Antium
490 1981 628 2035 coloniam
639 1983 763 2048 deduxit,
775 1983 904 2050 ascriptis

114 2057 250 2110 veteranis
261 2072 275 2109 e
285 2056 435 2124 praetorio,
447 2056 603 2123 additisque
612 2073 661 2124 per
671 2057 806 2118 domicilii
814 2064 904 2109 trans-

114 2131 246 2184 lationem
266 2129 409 2182 ditissimis
432 2130 661 2198 primipilarium:
680 2131 729 2182 ubi
748 2138 775 2183 et
794 2137 923 2201 portum.

115 2205 207 2272 operis
217 2204 448 2273 sumptuosissimi
456 2202 532 2256 iecit,
666 2235 667 2239 =

171 2277 206 2330 X.
226 2279 313 2346 Atque
317 2315 325 2342 ,
336 2284 368 2329 ut
381 2278 526 2342 certiorem
541 2276 630 2330 adbuc
642 2277 771 2332 indolem,
779 2277 906 2331 ostende·
931 2298 936 2307 ·

114 2355 169 2414 ret,
185 2365 219 2402 ex
233 2351 349 2417 Augusti
362 2351 531 2420 praescripto
546 2352 742 2420 imperaturum
756 2369 786 2405 se
800 2351 907 2420 proies·

114 2438 174 2486 sus,
185 2437 272 2489 neque
282 2424 470 2489 liberalitatis,
481 2441 569 2492 neque
579 2425 750 2490 clementiae,
760 2443 812 2480 nec
821 2427 906 2480 eoml-

114 2497 182 2546 tatis
197 2495 307 2562 quidem
322 2497 490 2550 exhibendae
502 2499 588 2552 ullam
601 2501 782 2558 ,occasionem
802 2501 906 2554 omisit.

117 2567 254 2622 Graviora
263 2570 412 2636 vectigalia
422 2577 470 2622 aut
480 2572 613 2637 abolevit,
625 2579 672 2624 aut
682 2574 790 2626 minuit.
823 2571 907 2626 Prae·
968 2585 971 2592 ·
993 2611 994 2632 ,

115 2642 172 2693 mia
201 2640 353 2696 delatorum
377 2641 481 2712 Papiae
503 2645 573 2714 legis
597 2647 632 2698 ad
655 2653 767 2715 quartas
790 2647 924 2718 redegit.¹
993 2643 994 2698 ἐ
