1992 2962
124 168 187 220 rrr‘
278 149 284 156 ’
353 213 374 224 ,,
396 170 424 236 .⁰·
446 167 634 217 sunromr

125 293 204 345 Certe
214 291 341 345 omnibus
351 306 442 346 rerum
451 287 650 359 verborumque
660 289 834 346 contumeliis
843 307 919 346 mor-

122 373 200 418 tuum
213 365 364 420 insectatus
374 371 427 431 est,
438 365 521 418 modo
531 365 678 430 auritium,
688 365 772 418 modo
784 367 920 420 saevitiae
938 397 948 404 —

125 455 251 510 arguens.
289 441 361 503 Nam
372 446 399 492 et
408 439 510 492 morari
517 455 578 492 euru
588 440 660 492 inter
669 437 794 492 homines
804 439 919 506 desisse,

45 560 49 566 .
125 514 261 586 producta
280 515 370 582 prima
389 513 511 581 syllaba,
531 514 690 566 iocabatur:
710 513 851 583 multaque
871 515 919 567 de·

126 595 201 642 oreta
220 594 248 640 et
267 589 430 653 consdtuta,
444 593 476 640 nt
489 588 645 654 insipientis
660 593 742 657 atque
756 587 849 652 deliri,
863 603 918 654 pro

124 663 213 714 irritis
227 660 335 728 habirit
369 661 495 729 Denique
504 661 615 714 bustum
628 662 687 714 eius
698 663 847 731 eonsepiri,
861 663 921 716 nisi

125 735 224 798 humili
233 736 340 804 levique
350 737 482 800 aratoria,
491 736 621 803 neglexit.
650 735 919 800 Britannicamnon

125 810 215 862 minus
226 809 409 864 aemulatione
418 810 508 876 verda,
523 824 594 877 quae
606 809 650 861 illi
663 809 810 862 iucundior
819 822 919 878 suppe-

124 885 212 948 tebat,
233 899 316 951 quam
335 890 421 949 metu,
441 899 476 935 ne
496 882 661 954 quandoque
680 883 754 951 apud
774 882 918 948 hominurn

79 1013 81 1018 ,
124 958 243 1028 gratiam
257 963 373 1025 paterna
391 958 524 1010 memoria
544 956 725 1026 praevaleret,
745 971 849 1010 veneno
870 971 919 1026 ag·

123 1047 234 1098 gressus
253 1037 304 1084 est.
343 1031 425 1094 Quod
445 1037 585 1098 acceptum
605 1045 623 1082 a
642 1031 760 1099 quadam
780 1031 918 1097 Locusta,
988 1055 989 1060 ¹

123 1105 333 1158 uenenariorum
347 1105 456 1170 inclita,
477 1120 560 1174 quum
574 1105 705 1172 opinione
717 1105 825 1158 tardiur
840 1105 918 1158 eede-

124 1187 179 1244 ret,
194 1186 288 1232 ventre
302 1179 384 1232 modo
400 1179 556 1230 Britannici
569 1185 664 1242 arot03
685 1181 845 1243 arcessitam
859 1195 919 1232 mu·

125 1253 221 1306 lierem
231 1270 282 1316 sua
292 1269 375 1306 manu
384 1254 550 1318 verberavit,
562 1267 687 1320 arguens,
699 1269 749 1322 pro
760 1268 865 1307 veneno
875 1269 919 1306 ra·

125 1327 245 1380 medium
266 1327 382 1381 dedisse.
420 1327 639 1394 Exmnantique,
659 1327 749 1379 minus
769 1327 863 1390 datum
882 1327 920 1380 ad

127 1401 319 1454 occultandam
328 1401 461 1456 facinoris
471 1400 616 1466 invidiam,
628 1400 709 1465 dane,
720 1402 824 1472 inquit,
836 1401 921 1471 legem

126 1475 223 1530 Iuliam
239 1476 337 1528 tioreo:
357 1478 500 1546 coegitque
510 1491 540 1528 se
551 1489 644 1528 coram
657 1476 688 1526 in
698 1476 824 1528 cubiculo
836 1491 921 1544 quam

126 1556 221 1620 posset
247 1550 451 1606 velocissimum
480 1566 514 1602 ae
540 1556 767 1617 praesentaneum
791 1565 919 1618 coquere.

126 1623 234 1676 Deinde
247 1625 278 1676 in
291 1621 380 1677 haedo
391 1629 530 1692 expertus,
544 1629 692 1693 postquam
704 1625 730 1676 is
740 1624 859 1693 quinque
869 1621 921 1676 ho·

125 1713 172 1750 ras
188 1699 337 1765 protraxit,
357 1699 455 1750 iterum
470 1713 503 1749 ae
517 1699 627 1766 saepius
641 1708 781 1752 recoctum
794 1697 919 1766 porcello
974 1741 986 1754 .

127 1773 238 1825 obiecit.
260 1773 321 1834 Quo
332 1773 425 1824 statim
435 1771 601 1836 exanimato,
612 1771 919 1836 inferriintrirlinium‚
989 1789 990 1806 ¹

127 1847 242 1915 darique
258 1847 387 1898 coenanti
400 1861 491 1898 seeum
505 1844 666 1898 Britannico
686 1845 840 1913 imperarit.
881 1843 922 1898 Et

128 1938 211 1992 quum
225 1921 273 1974 ille
289 1920 325 1972 ad
338 1921 454 1990 primum
469 1927 577 1987 gustum
593 1919 772 1987 condidisset,
784 1919 922 1973 comitiali

126 1998 225 2050 morbo
247 2011 281 2049 ex
299 1994 496 2047 consuetudine
515 2001 670 2062 correptum
694 1994 767 2062 apud
788 1994 920 2046 convivas

128 2072 285 2134 ementitur,
298 2075 411 2138 postero
422 2069 467 2120 die
476 2069 577 2135 raptim
587 2068 659 2122 inter
667 2071 803 2122 maximos
817 2067 922 2120 imbres

127 2143 300 2197 translatitio
321 2142 419 2195 extruit
436 2142 541 2194 funere.
588 2141 728 2196 Locustae
747 2157 797 2211 pro
817 2145 923 2194 navata

129 2233 214 2286 opera
228 2215 418 2288 impunitatem
430 2216 598 2286 praediaque
613 2216 719 2286 arupla,
734 2216 783 2271 sed
796 2223 824 2270 et
835 2215 923 2276 disci·

127 2292 210 2359 pulos
220 2293 305 2344 dedit.
914 2333 916 2338 ,

165 2361 292 2417 xxxiv.
311 2363 441 2432 Matrem,
452 2363 664 2433 dietafaotaque
674 2381 725 2418 sua
734 2365 923 2434 exponentem

128 2437 254 2488 acerbius
264 2443 292 2489 et
301 2439 490 2506 corrigentem,
501 2436 633 2491 haetenus
643 2439 732 2506 primo
742 2439 922 2507 parabatur,

126 2514 159 2560 nt
170 2508 277 2561 invidia
290 2511 439 2564 identidem
453 2518 592 2576 oneraret,
605 2513 685 2580 quasi
696 2511 924 2580 cessunu'impe·

126 2583 170 2633 rio
182 2579 362 2648 Rhodumque
372 2585 509 2636 abiturus}
521 2600 585 2638 mox
595 2583 737 2637 ethonore
748 2586 824 2638 omni
834 2591 861 2638 et
871 2601 923 2654 po·

45 2658 50 2666 ·
126 2659 227 2708 testate
236 2656 355 2726 privarit
359 2671 367 2720 3
379 2656 551 2726 abductaque
560 2658 677 2712 rnilitum
688 2656 925 2714 etGermanorum
