1964 2970
104 96 136 148 38
380 96 407 142 C
430 93 612 142 SUETONll
666 101 669 114 ¹

101 216 359 281 intermitterem,
381 232 426 282 qus
421 182 591 284 reipublicae
602 215 779 288 defuissent,
770 231 830 284 ipse
840 233 896 270 me·

103 293 160 344 dios
169 301 195 344 et
205 291 322 344 neutrius
327 290 415 358 partis
424 306 529 342 suorum
539 290 589 342 sibi
597 290 818 361 numerofaturos
827 307 921 358 pro·

103 367 251 420 nunciavit.
291 365 397 426 Quibus
412 371 502 416 autem
517 379 551 416 ex
565 365 800 417 commendatione
809 363 894 416 Pom-

102 441 159 509 peii
150 439 278 491 'ordines
288 438 412 500 dederat,
432 443 595 506 potestatem
609 439 768 490 transeundi
782 439 894 491 adeum

50 529 54 536 ²
104 513 314 567 omnibusfecit.
351 512 438 563 Motis
452 513 525 579 apud
535 511 652 564 llerdam
667 511 815 564 deditionis
826 527 893 564 eon·
976 573 977 580 ἵ

104 588 268 648 ditionibus,
283 601 378 653 quum,
388 585 506 637 assiduo
516 587 727 652 interutrasque
737 585 828 652 partes
838 595 894 638 ιιιιι

104 667 186 729 atque
197 661 373 723 commercio,
388 659 517 710 Afranius
531 674 564 710 ae
574 659 697 711 Petreius
709 657 893 727 deprehensos

103 737 176 788 intra
196 741 287 786 castra
301 733 423 786 Iulianos
442 733 534 784 subita
553 733 722 800 poenitentia
740 733 894 786 interfecis-

104 816 173 872 sent,
185 807 332 858 admissam
342 807 371 857 in
381 821 410 858 se
420 806 562 873 perfidiam
572 822 628 858 non
639 808 768 858 ιιιιιιιιιιιι
777 808 892 860 imitari.

105 883 170 934 Acie
180 879 340 932 Pharsalica
350 877 542 947 proclamavit,
563 886 594 932 ut
607 880 711 932 civibus
721 889 894 948 parceretur3

6 1017 7 1020 Ἴ
106 955 287 1022 deincepsque
296 955 464 1006 nonrinino‘n
474 969 598 1019 suorum,
610 970 689 1021 quem
699 955 793 1019 vellet,
808 972 894 1006 rmum

105 1031 193 1099 partis
214 1029 344 1080 adversae
364 1043 473 1080 serrare
488 1029 634 1080 concessit:
653 1029 765 1080 neculli
778 1031 895 1096 periisse

105 1106 162 1156 nisi
171 1105 200 1156 in
209 1103 317 1170 proelio
332 1103 517 1170 reperiuntur,
538 1103 658 1170 exceptis
673 1102 806 1154 duntaxat
815 1103 894 1156 Afra·
976 1115 977 1120 ’

105 1181 153 1230 nio
168 1186 196 1229 et
204 1178 308 1228 Fausto
324 1182 351 1228 et
366 1175 399 1226 L.
412 1176 529 1228 Caesare
543 1177 652 1229 iuvene:
674 1193 707 1227 ac
720 1193 754 1229 ne
768 1176 819 1230 bos
834 1179 895 1244 qui·
912 1185 915 1190 '

107 1253 168 1304 dem
182 1252 323 1302 voluntate
341 1251 429 1318 ipsius
448 1251 625 1317 interemptos
645 1257 753 1318 putant:
778 1267 896 1318 quorum

106 1333 199 1377 taurea
213 1331 240 1376 et
253 1325 359 1390 priores
373 1331 437 1392 post
446 1325 619 1392 impetratam
629 1325 736 1376 veniam
746 1325 895 1378 rebellave-

107 1405 182 1450 rant:
205 1404 233 1449 et
244 1399 357 1462 Caesar,
378 1399 484 1450 libertis
498 1399 637 1465 servisque
647 1399 706 1450 eius
716 1398 789 1450 ferro
800 1408 827 1451 et
836 1401 897 1467 igni

23 1493 31 1500 ·
108 1471 244 1524 crudelem
254 1471 284 1521 in
294 1472 404 1522 niodum
416 1473 530 1536 enectis,
550 1473 653 1524 bestias
669 1483 777 1540 quoque
792 1473 827 1524 ad
837 1489 896 1525 mu·

103 1561 158 1610 nus
177 1544 274 1612 populi
294 1552 467 1612 comparatas
488 1547 732 1599 contrucidaverat.
770 1547 897 1615 Denique

99 1625 230 1686 ”tempore
246 1624 366 1670 extremo
383 1619 479 1683 etiam,
501 1621 599 1686 quibus
613 1621 733 1672 nondum
743 1621 896 1689 ignoverat,

108 1693 212 1746 umetis
222 1692 251 1743 in
260 1692 369 1743 ltaliam
380 1692 470 1744 redire
479 1695 614 1760 permisit,
630 1692 859 1762 magistratusque
870 1703 898 1748 et

89 1823 91 1827 Α
106 1767 223 1834 imperia
233 1780 339 1832 capere.
358 1766 413 1818 Sed
424 1773 451 1819 et
460 1773 565 1819 statuas
576 1768 609 1820 L.
622 1768 714 1820 Sullae
725 1775 805 1836 atque
813 1763 896 1820 Pom·
976 1771 977 1810 ἰ

107 1843 165 1910 peii
175 1857 191 1892 a
201 1840 280 1908 plebe
291 1839 419 1892 disiectas
430 1837 562 1908 reposuit.
574 1842 620 1906 Ac,
628 1843 712 1910 siqua
723 1841 838 1910 posthac
849 1849 897 1896 aut

108 1917 296 1983 cogitarentur
308 1916 420 1982 gravius
436 1916 566 1968 adversus
580 1932 609 1968 se
624 1923 672 1968 ιιιιι
682 1917 844 1981 dicerentur,
855 1918 897 1968 in-
930 1921 931 1924 ’

107 1987 201 2042 hibere
215 1987 326 2053 maluit,
345 1999 428 2056 quam
442 1991 590 2042 vindicare.
627 1991 723 2058 ltaque
738 1998 766 2043 et
776 1992 896 2043 detectas
976 2017 977 2028 ι

108 2063 312 2116 coniurationes
328 2070 529 2130 conventusque
542 2069 692 2116 rroeturnos
703 2081 758 2116 non
768 2066 842 2116 ultra
853 2082 895 2117 ar-

88 2139 179 2205 ¹guit,
200 2152 281 2205 quam
291 2144 322 2190 ut
332 2137 422 2190 edicto
434 2137 601 2202 ostenderet,
622 2155 682 2190 esse
692 2140 747 2191 sibl
755 2146 849 2202 notas3
870 2146 897 2192 et

108 2213 205 2264 acerbe
215 2211 390 2278 loquentibus
401 2213 470 2262 satis
481 2211 579 2263 habuit
586 2227 636 2279 pro
653 2213 784 2265 concione
795 2213 896 2266 demm-

108 2285 190 2350 ciare,
201 2301 235 2337 ue
245 2291 459 2352 perseverarent
496 2286 613 2353 Aulique
624 2286 759 2339 Caecinae
770 2289 896 2340 crimino·

106 2357 224 2411 sissimo
231 2359 303 2411 libro
319 2366 346 2411 et
356 2357 478 2416 Pitholai
493 2360 659 2412 carminibus
672 2360 897 2413 maledicentissi-

106 2434 160 2484 mis
178 2433 328 2486 laceratam
348 2433 578 2485 existimationem
602 2449 680 2486 suam
705 2433 781 2486 civili
805 2437 896 2489 animo

106 2507 179 2558 tulit.

85 2587 87 2591 '
121 2609 123 2614 ,
163 2579 288 2634 LXXVI.
308 2578 494 2647 Praegrauant
513 2586 605 2634 tamen
620 2588 710 2634 cetera
723 2581 799 2654 faeta
813 2581 897 2635 dicta·
975 2651 977 2662 ,
