1986 2960
179 121 181 126 '
250 93 452 204 usurcssuuu.
488 127 698 176 caere-1⁸.
819 123 868 194 ror

133 247 220 302 XVII.
245 249 411 301 consulatus
431 233 670 318 quatuor'gessit:
693 252 810 319 primum
833 269 868 306 ex

73 323 211 377 Kalendis
224 322 301 374 iuliis
316 337 364 392 per
379 319 448 376 duos
462 339 582 387 mensem
606 324 753 377 secumdum
768 341 802 378 er
812 327 867 379 Ka-

72 397 165 450 lendis
179 396 316 455 ianuariis
329 413 378 464 per
391 398 506 465 triginta
520 398 592 450 dies:
616 398 726 450 tertium
741 403 866 468 usquein

72 471 141 524 idus
150 470 285 532 ianuarii:
306 477 433 538 quartum
442 487 528 538 usque
538 472 568 525 in
579 473 723 539 septimum
732 473 797 524 ldus
807 487 866 526 eas·

73 545 147 596 dem.
173 543 216 595 iix
227 545 353 596 omnibus
363 544 433 596 duos
442 546 608 597 novissimos
619 546 769 598 coniunxit.
799 547 866 600 Ter-

71 620 144 670 tium
156 623 245 670 autern
255 617 385 685 Lugduni
393 619 457 669 iniit
466 619 551 683 solus,
562 633 631 683 non,
641 625 673 671 ut
683 620 793 687 quidam
805 623 864 690 opi·

39 755 41 762 ⁴
71 697 186 755 nanuu,
198 692 327 759 superbia
336 692 549 760 negligentiave,
563 693 611 744 sed
622 693 696 762 quod
707 693 863 748 destructum

73 766 125 818 sub
135 765 321 818 Kalendarum
336 763 408 818 diem
423 766 556 834 collegam
570 767 685 820 rescisse
700 768 798 820 absens
808 783 863 821 uon

72 844 211 908 potuerat.
250 839 426 906 Congiarium
445 839 549 908 populo
568 841 612 892 bis
631 841 718 906 dedit,
737 848 863 894 trecenos

73 913 229 965 sestertios:
252 914 335 964 toties
351 912 613 965 abundantissimum
632 915 742 983 epulum
756 917 865 968 senatui

73 986 249 1056 equestrique
259 987 364 1050 ordini,
375 987 458 1038 etiam
469 987 632 1054 coniugibus
642 1003 676 1039 uc
685 989 779 1040 liberis
788 995 864 1042 utro-

73 1075 198 1129 rumque.
239 1059 397 1113 Posteriore
416 1060 497 1128 epulo
517 1060 640 1136 fogensia
657 1062 769 1128 insuper
786 1063 863 1127 viris,

73 1134 167 1202 pueris
182 1148 216 1185 ac
228 1131 337 1185 leminis
350 1133 454 1186 fasciae
467 1149 604 1202 purpurae
615 1150 648 1186 ac
659 1133 798 1202 conchylii
808 1136 863 1187 dis-

71 1208 179 1260 tribuit.
212 1205 288 1258 Etut
297 1207 430 1259 laetitiam
440 1207 786 1278 publicaminperpetuum
796 1224 863 1277 quo·
918 1243 920 1248 -

73 1297 127 1350 que
137 1281 363 1348 orrgereqadlecit
373 1281 445 1332 diem
455 1279 862 1352 Saturnollbus,uppellaritque

72 1353 229 1408 iuvenalem.

124 1426 227 1480 ¹llVlll.
237 1427 353 1482 Munera
362 1428 531 1497 gladiatoria
540 1429 640 1496 partim
650 1429 679 1481 in
688 1427 861 1498 Amphithea-

70 1509 116 1555 tro
127 1503 228 1568 Tauri,
246 1502 501 1570 partiminSeptis,
522 1503 629 1572 aliquot
643 1504 741 1556 edidit:
761 1506 861 1574 quibus

71 1576 321 1630 inseruitcatervus
330 1577 860 1648 AfrorumCampanoromquepugilurn,

73 1663 107 1702 ex
121 1655 237 1719 utraque
250 1653 362 1720 regione
374 1652 610 1712 electissimorum.
647 1652 742 1721 Neque
755 1659 861 1723 specta·

72 1723 142 1775 culis
152 1739 258 1795 semper
267 1725 326 1794 ipse
334 1726 487 1794 praesedit3
506 1726 555 1778 sed
568 1726 702 1779 interdum
718 1728 860 1794 autmagi·

71 1798 204 1849 stratibus
224 1805 273 1851 aut
295 1801 391 1854 amicis
414 1800 590 1869 praesidendi
611 1815 709 1852 munus
732 1801 859 1852 iniunxit.

71 1870 860 1941 Sceuicosludosetassidueetrariigenerismultiiurlam

69 1944 151 1997 fecit:
171 1947 304 2014 quosdam
315 1952 514 2012 etnocturnos,
536 1948 657 2000 accensis
666 1951 727 1999 tota
736 1947 810 1998 Urbe
819 1947 860 1998 lu·

68 2019 214 2071 minibus.-
237 2020 763 2088 Sparsitetudssiliovarisrumrerum,
774 2025 859 2088 etpa-

66 2093 150 2145 neria
163 2107 224 2145 cum
239 2095 356 2148 obsonio
370 2095 474 2148 viritim
489 2094 592 2146 divisit.
631 2093 693 2154 Quo
703 2093 860 2160 epulatione

68 2166 295 2237 equitillomano‚
307 2175 403 2221 contro
413 2183 442 2221 se
452 2167 568 2220 hilarius
579 2167 740 2234 avidiusque
749 2181 858 2220 vescen-

67 2241 99 2305 ti,
110 2245 204 2308 partes
214 2243 376 2294 summisit:
395 2241 444 2293 sed
454 2249 482 2294 et
491 2241 613 2294 senatori
624 2240 660 2293 ob
671 2239 784 2292 eandem
795 2255 858 2292 cau·

66 2329 128 2366 sam
138 2314 291 2380 codicillos,
303 2317 566 2386 quibusqreetorem
576 2329 637 2366 eum
647 2319 725 2365 extra
735 2314 858 2368 ordinem

66 2387 240 2456 designabat.
277 2389 374 2442 Edidit
386 2394 414 2440 et
428 2388 569 2440 Circenses
587 2387 722 2456 plurimos
742 2403 760 2440 s
777 2403 858 2441 mnne

65 2475 155 2529 usque
174 2463 210 2514 ad
227 2478 384 2532 vesperam,
402 2461 547 2514 interiecto
564 2461 647 2514 modo
667 2460 857 2514 Africanarum

64 2535 225 2602 venatione,
249 2537 333 2590 ruodo
353 2536 456 2590 Troiae
475 2533 648 2590 decursione:
677 2542 705 2588 et
723 2535 858 2603 quosdam

63 2611 243 2680 praecipuos,
264 2612 350 2666 minio
370 2616 398 2666 et
417 2607 593 2679 chrysocolla
611 2615 751 2664 constrato
767 2610 817 2662 cir
