1964 2962
351 157 443 209 vrrs
459 143 586 204 rsasm
818 156 867 207 375
923 144 936 176 “·

60 279 230 331 mirabatur
239 278 342 346 scripta
351 275 459 339 Flacci,
473 277 561 328 utrix
570 278 699 331 retineret
708 271 750 344 se‘,
765 279 814 332 illo
826 294 867 333 re-

62 354 193 415 citante,
205 367 221 402 a
232 352 364 414 clamore,
376 351 443 421 quin
452 349 503 400 illa
513 365 572 403 esse
581 367 647 404 vera
656 360 785 421 poemata
796 353 867 406 dice-

61 433 121 478 ret.
166 425 234 477 Sero
246 425 376 491 coguovit
386 429 414 476 et
424 423 566 489 Senecam,
587 425 704 478 sednon
718 433 749 479 ut
759 437 867 494 capere-

61 507 114 551 tur
126 499 190 550 eius
200 498 320 565 ingenio.
358 499 430 549 Usus
444 503 487 549 est
501 498 573 565 apud
585 497 734 552 Cornutum
750 501 868 554 desursum

64 573 205 624 convictu
217 571 439 624 doctissimorum
454 573 725 625 et'sauctissimorum
735 575 867 639 virorum,

65 646 177 697 acriter
195 652 254 697 tum
273 644 540 714 philosophantium,
561 646 672 698 Claudii
685 646 866 716 Agatbemeri,

64 719 177 773 medici
190 719 426 784 Lacedaemonii,
437 727 465 772 et
478 717 603 772 Petronii
616 721 793 774 Aristocratis
806 723 883 792 Mag

66 795 177 863 gustis,
199 809 269 865 quos
284 795 363 846 uuice
376 795 493 847 miratus
504 797 587 846 'estet
596 795 762 860 aemulatum,
783 813 867 864 quum

68 869 207 939 aequales
225 876 327 941 esseut,
347 875 375 922 et
393 869 516 922 Cornuto
535 869 664 922 minores.
701 868 763 937 lpse
782 871 866 922 etiam

67 944 168 996 decem
187 943 245 996 fere
264 944 343 995 anuis
361 960 465 996 mmmc
480 944 596 995 dilectus
611 957 628 994 a
641 941 728 996 Paeto
743 942 868 996 Thrasea

68 1024 126 1082 est,
142 1017 185 1069 ita
193 1025 225 1071 ut
235 1019 456 1087 peregrinaretur
470 1032 579 1085 quoque
589 1031 650 1068 cum
661 1032 694 1069 eo
706 1017 866 1086 aliquando,

70 1097 219 1156 cognatam
235 1093 293 1143 eius
307 1093 414 1146 Arriam
428 1105 542 1142 uxorem
561 1087 687 1142 habente.
703 1119 709 1128 κ
724 1091 791 1144 Fuit
809 1107 867 1144 mo·

69 1177 133 1215 ruam
154 1161 369 1229 leuissimorum,
389 1164 570 1217 verecundiae
583 1165 740 1232 virginalis,
760 1164 867 1218 formae

70 1233 214 1306 pulchrae,
224 1236 336 1302 pietatis
347 1253 413 1304 erga
421 1244 534 1290 arabem
546 1244 573 1290 et
582 1251 705 1308 sororem
717 1245 745 1290 et
755 1240 866 1292 amitam

72 1307 199 1377 exemplo
213 1309 382 1360 sufficientis.
420 1309 485 1360 Fuit
501 1311 577 1378 frugi
590 1318 617 1363 et
629 1311 755 1380 pudicus.
793 1312 866 1364 Reli·

73 1384 135 1452 quit
149 1383 224 1434 circa
237 1383 391 1434 sestertium
401 1383 486 1434 vicies
495 1385 578 1436 matri
588 1392 615 1436 et
629 1386 734 1449 sorori3
755 1387 865 1455 scriptis
947 1378 951 1387 ’

73 1466 165 1530 tamen
180 1457 216 1508 ad
228 1462 342 1508 matrem
358 1455 507 1520 codicillis,
527 1461 637 1526 rogavit
651 1475 723 1524 eaor,
744 1466 775 1511 ut
789 1460 867 1512 daret

75 1531 197 1583 Cornuto
208 1531 342 1594 sestertia,
353 1537 384 1582 ut
394 1530 506 1598 quidam
517 1530 624 1597 dicunt,
636 1540 755 1596 ceritum3
776 1535 868 1585 otalii

73 1606 183 1670 volunt,
204 1605 310 1673 argenti
324 1604 392 1657 iacti
406 1603 498 1673 pondo
512 1606 624 1674 viginti,
645 1613 672 1658 et
690 1607 777 1659 libros
792 1608 866 1659 circa

75 1681 272 1750 septingentos,
293 1679 350 1731 sive
364 1673 560 1732 bibliothecam
570 1696 647 1732 suam
659 1695 774 1734 onmem.
812 1679 867 1733 Ve-

74 1771 135 1808 rum
146 1756 294 1820 Cornutus,
316 1753 432 1806 sublatis
442 1754 535 1820 libris,
554 1757 697 1823 pecuniam
713 1753 865 1819 sororibus,

42 1851 53 1860 2
76 1845 144 1900 quas
153 1828 238 1882 frater
248 1826 361 1882 heredes
370 1828 481 1894 iecerat,
492 1829 613 1899 reliquit.
632 1830 668 1881 Et
677 1845 741 1881 raro
752 1829 866 1888 ettarde

76 1905 193 1974 scripsit.
231 1904 313 1956 Hunc
325 1905 416 1972 ipsum
430 1901 530 1956 librum
544 1903 733 1972 imperfectum
743 1903 865 1969 reliquit.

75 1976 176 2029 Versus
187 1979 274 2046 aliqui
284 1979 387 2046 dempti
397 1985 461 2030 sunt
469 1979 568 2028 ultimo
579 1978 656 2040 libri,
677 1982 705 2028 et
715 1979 793 2045 quasi
804 1977 865 2028 dui·

77 2057 121 2102 tus
140 2058 222 2115 esset,
241 2051 338 2103 leviter
358 2051 518 2104 retractavit
538 2049 688 2102 Cornutus:
718 2055 746 2102 et
764 2051 863 2102 Caesio

77 2123 162 2176 Basso
182 2125 297 2190 petenti,
319 2129 351 2175 ut
369 2125 429 2192 ipse
452 2123 557 2187 ederet,
581 2123 697 2178 tradidit
720 2123 863 2176 edendum.

79 2195 227 2262 scripserat
250 2197 332 2248 etiam
354 2197 383 2248 in
407 2198 527 2266 pueritia
549 2196 666 2248 Flaccus
687 2206 862 2264 praetextam,

80 2269 202 2338 [Vescio]
223 2273 252 2320 et
266 2263 454 2334 Ὀθοιπορικυῑν
473 2271 572 2322 librum
591 2285 688 2335 unum,
712 2277 740 2323 et
758 2287 864 2342 paucos

78 2343 156 2396 cruori
169 2341 308 2394 Thraseae
322 2343 352 2392 iu
365 2343 472 2393 Arriam
487 2341 601 2396 matrem
615 2357 721 2410 versus,
742 2361 813 2414 quae
833 2363 863 2399 se

81 2423 139 2471 aute
155 2418 243 2469 virum
261 2415 408 2468 occiderat.
449 2417 547 2468 Omnia
567 2425 657 2472 autem
677 2435 711 2471 ea
725 2420 863 2472 Cornutus

81 2497 171 2546 auctor
183 2491 237 2544 luit
251 2491 333 2542 matri
346 2491 405 2542 eius
419 2497 451 2542 ut
465 2491 596 2544 aboleret.
634 2491 746 2546 Editum
760 2493 863 2546 librum

81 2568 203 2622 contiuuo
214 2566 310 2620 mirari
319 2564 443 2626 homiues
454 2572 482 2618 et
492 2566 609 2636 diripere
621 2574 777 2635 coeperunt.
806 2567 862 2622 De·

81 2643 157 2696 cessit
166 2649 254 2696 autem
264 2641 333 2694 vitio
345 2638 489 2708 stomachi,
501 2655 572 2694 auno
584 2642 684 2695 aetatis
693 2641 819 2698 xxvm.
