1964 2962
4 135 8 222 i
197 150 475 222 vespasianus.
511 151 590 202 cnr.
608 156 729 226 1-ss
792 151 842 206 8⁰1
885 166 889 176 t

46 279 91 346 eia
101 277 210 328 meruit.
236 273 373 338 Quaestor
384 273 491 327 Cretam
502 281 530 328 et
540 275 661 344 Cyrenas
671 277 842 342 provinciam

45 357 122 404 sorte
138 351 218 418 cepit.
234 344 414 400 'dedilitatis
429 365 462 401 ac
472 343 543 402 ‘mox
556 357 701 418 praeturae
712 351 842 404 eandida.

4 475 5 484 ,
43 433 99 492 tus,
110 425 188 477 iliam
199 437 255 476 non
264 424 323 474 siue
333 423 444 490 repulsa
453 429 586 493 sextoque
595 424 659 476 loco
668 424 716 475 vix
726 425 842 492 adeptus

4 487 6 510 '
32 506 106 562 ‘est3
137 497 207 550 banc
229 499 319 565 prima
343 492 437 549 statim
460 497 610 568 petitione,
636 503 664 550 et
685 498 715 549 in
734 499 839 566 primis.

44 573 175 637 Praetor,
190 570 314 624 irriensis
328 565 448 637 senatui,
461 573 557 624 Gaium
566 587 600 624 ne
611 587 665 639 quo
676 586 733 623 non
743 586 840 639 genere

46 647 244 710 demereretur,
255 645 336 697 iudos
346 639 582 698 extraordinarios
591 661 642 712 pro
652 646 771 698 victuma
781 646 840 698 eius

48 710 213 780 Gemanica
223 719 394 788 depoposcit,
405 735 564 790 poenaeque
575 721 782 774 coniuratcmm
791 720 840 771 ad·
939 730 942 738 ·

4 857 5 862 Ἰ
47 793 166 847 dentium
176 793 294 858 censuit,
307 799 340 845 ut
352 795 484 862 insepulti
493 795 700 863 proiicerentur.
738 793 841 862 ligitet

4 865 5 874 ’
46 869 153 938 gratias
168 868 195 920 ei
208 866 282 935 apud
296 868 494 936 mplissimum
509 869 645 935 ordinem,
662 867 737 936 quod
750 883 780 920 se
790 866 839 922 ho·

4 933 6 966 ¹
45 959 115 996 nore
125 955 226 994 coenae
237 941 266 992 di
303 947 365 999 atus
375 949 455 995 esset.
739 993 741 996 .

4 1013 5 1026 ¹
101 1016 149 1067 111.
170 1016 244 1067 inter
262 956 331 1068 fetulae
342 1015 468 1070 Flauiam
481 1016 654 1068 Domitillam
675 1015 754 1067 duxit
770 1016 839 1068 u'xo-
876 1073 886 1081 ,

45 1107 116 1155 rem,
128 1089 233 1143 Statilii
243 1090 372 1158 Capellae
382 1091 482 1166 equitis
492 1091 611 1144 Romani
621 1089 795 1144 Sabratensis
806 1105 840 1144 ex

45 1165 140 1216 Airiea
155 1163 307 1232 delegatam
323 1165 401 1230 adm,
417 1162 587 1239 Latinaeque
599 1165 779 1229 conditionis,
791 1163 840 1216 sed

4 1303 5 1306 Ἴ
45 1254 112 1292 mox
125 1240 270 1307 ingenuam
285 1244 312 1302 et
323 1239 408 1291 civem
418 1239 570 1292 Romanam
580 1235 787 1308 recuperatorio
797 1239 839 1290 iu·

4 1317 5 1322 ’
47 1313 121 1366 dicio
132 1315 434 1384 pronunciatam3patre
445 1317 582 1366 asserente
591 1313 689 1366 Flavio
700 1309 840 1377 Liberale,

5 1443 6 1448 ,
46 1388 187 1452 Ferantipi
195 1389 301 1455 genito,
316 1389 522 1454 necquicquam
537 1387 654 1455 arnplius
665 1403 746 1455 quam
758 1402 840 1454 quae·

7 1492 12 1527 :
48 1463 136 1514 storia
151 1464 251 1514 scriba.
270 1452 332 1513 'Ex
345 1460 398 1514 hac
411 1462 514 1514 liberos
527 1461 591 1514 tulit
601 1463 695 1513 Titum
706 1467 733 1514 et
743 1461 847 1514 nomia·

9 1568 12 1579 .
47 1537 152 1587 uanum
172 1542 199 1588 et
218 1535 401 1589 Domitillam.
448 1536 536 1588 Uxori
555 1549 588 1588 ac
607 1537 682 1588 tiliae
702 1542 839 1604 superstes

4 1625 6 1662 t
48 1606 109 1674 fuit,
131 1616 213 1680 atque
230 1601 374 1680 utramque
389 1608 478 1663 adbuc
492 1613 616 1679 privatus
631 1612 732 1663 amisit.
764 1603 841 1662 'Post

47 1685 143 1736 uioris
158 1699 310 1752 excessum,
332 1685 491 1749 Caenidem,
512 1687 625 1738 Antonii
638 1686 764 1738 libertam
779 1692 806 1737 et
822 1699 840 1736 a

49 1773 143 1822 manu,
159 1759 285 1810 dilectam
301 1760 440 1828 quondam
454 1761 520 1826 sibi,
536 1761 724 1825 revocavitin
744 1755 839 1811 c'outu·
888 1761 890 1764 '

4 1871 5 1876 κ
47 1833 183 1902 bernium,
206 1831 356 1904 habuitque
376 1835 458 1887 etiam
475 1835 627 1908 imperator
644 1849 731 1902 paene
749 1833 839 1884 iustae

47 1908 226 1960 uxorisloco.
520 1935 523 1940 ·

102 1980 149 2034 IV.
171 1981 287 2033 claudio
298 1983 433 2049 principe’,
444 1981 569 2034 Narcissi
579 1982 671 2048 gratia
683 1979 790 2046 legatus
800 1978 838 2030 le-

10 2068 12 2072 ’
48 2056 138 2124 gionis
148 2055 178 2105 in
189 2053 363 2106 Germaniam
372 2057 472 2106 missus
482 2061 535 2106 est:
554 2053 839 2106 indeinBritanniam

48 2127 211 2189 translatus,
226 2129 320 2179 tricies
334 2143 394 2179 cum
409 2128 488 2180 hoste
502 2127 635 2182 conflixit.
678 2126 756 2178 Duas
770 2126 838 2178 vali·

34 2202 177 2253 'dissimas
187 2206 294 2268 gentes,
306 2216 439 2269 superque
448 2203 547 2268 viginti
557 2201 671 2269 oppida,
682 2207 710 2253 et
718 2199 839 2254 insblam

35 2273 160 2326 'Vectem
168 2273 328 2325 Britanniae
337 2277 533 2340 proximam,in
543 2275 709 2327 deditionem
720 2275 838 2342 redegit,

48 2347 149 2417 partim
159 2346 222 2398 Arrii
231 2346 335 2400 Plautii
345 2348 498 2401 consuleris
508 2350 601 2417 legati,
617 2350 716 2418 partim
729 2343 839 2401 Claudii

4 2471 5 2488 ,
48 2423 136 2490 ipsius
150 2421 258 2485 ductus
282 2422 373 2484 Quart
387 2421 566 2488 triurnpbalia
581 2430 753 2489 ornamenta,
764 2430 796 2490 et
808 2424 838 2474 iu
936 2440 943 2452 ·

4 2509 5 2516 ¹
49 2498 139 2566 spatio
149 2497 227 2550 brevi
241 2497 341 2565 duplex
353 2496 538 2558 sacerdotium
553 2499 677 2566 accepit:
696 2504 839 2568 praeterea

50 2572 233 2642 consulatum,
253 2588 332 2642 quem
346 2573 431 2641 gessit
442 2587 493 2642 per
508 2573 578 2628 duos
592 2574 758 2626 novissimos
773 2573 838 2624 anni

49 2662 152 2702 meuses
164 2667 169 2699 :
190 2648 308 2702 medium
317 2655 423 2718 tempus
434 2647 469 2700 ad
479 2647 704 2718 proconsulatum
715 2647 838 2715 usquein
