1964 2970
136 133 170 184 80
416 133 442 180 C.
467 130 650 178 SUETONIl

138 255 242 324 desque
253 257 419 324 suppeteret,
434 253 571 306 aerarium
585 251 704 303 militare
715 266 775 303 cum
785 251 927 319 vectigali-

135 329 187 382 bus
201 329 280 381 novis
295 327 423 380 instituit.
461 327 498 378 Et
511 341 565 394 quo
582 326 696 378 celerius
712 339 744 378 ac
754 324 804 376 sub
815 339 926 376 manum
968 361 977 378 .

137 404 299 457 annunciari
319 403 503 474 cognoscique
521 406 627 468 posset,
649 399 715 468 quid
733 400 763 450 in
782 399 927 465 provincia

136 491 244 546 quaque
253 481 405 544 gereretur,
425 476 536 527 iuvenes
546 475 635 542 primo
645 473 763 525 modicis
772 471 927 524 intervallis

134 565 185 618 per
193 551 327 602 militares
336 550 405 612 vius,
417 547 514 600 dehine
523 547 657 612 vehicula,
669 546 814 614 disposuit.
845 545 927 597 Gom·

134 623 243 676 modius
252 623 282 674 id
293 625 380 674 visum
391 628 440 685 est,
450 628 489 686 ut,
501 623 550 688 qui
560 635 577 671 a
586 621 649 672 loco
660 620 810 686 perferrent
820 618 926 683 literas,

133 696 508 762 liderninterrogariquoque,
515 693 610 760 siquid
619 694 796 760 resexigeret
802 698 926 759 possent.

190 769 224 819 L.
243 769 274 819 ln
289 767 485 835 diplomatibus
509 766 665 832 libellisque
688 772 716 818 et
738 765 863 833 epistolis
888 767 927 816 si-

134 841 251 909 gnandis
260 842 341 892 initio
354 837 473 906 Sphinge
482 854 548 890 usus
560 845 612 902 est,
623 853 688 890 mox
696 839 818 905 imagine
827 837 929 906 Magni

133 913 295 976 Alexandri3
306 913 454 964 novissime
464 927 523 976 sua,
528 911 703 962 Dioscuridis
713 926 797 961 manu
806 911 928 978 sculpta,

133 1001 188 1055 qua
201 987 311 1054 signare
325 987 442 1038 insecuti
457 1001 565 1052 quoque
580 985 717 1051 principes
734 997 929 1050 perseverave-

131 1067 205 1112 runt.
242 1060 283 1110 ad
294 1059 425 1128 epistolas
437 1073 530 1110 omnes
539 1055 669 1108 horarum
684 1070 793 1139 quoque
802 1071 930 1110 momen.

131 1139 174 1198 ta,
186 1133 301 1186 necdiei
311 1134 393 1185 modo
405 1133 452 1185 sed
463 1131 602 1196 etnoctr's,
618 1130 717 1198 quibus
727 1130 809 1182 datae
819 1131 929 1199 signifi.

132 1213 267 1271 curentur,
279 1207 406 1259 addebat.
724 1244 729 1250 .

172 1279 234 1332 .Ll.
256 1281 421 1333 Clementiae
436 1279 630 1346 ciuilitatisque
645 1277 705 1329 eius
719 1276 806 1334 multa
819 1283 848 1329 et
866 1293 929 1332 ma.

111 1378 114 1385 ·
132 1367 187 1421 gna
197 1353 361 1406 documenta
372 1361 443 1405 sunt.
472 1353 509 1404 Et
517 1367 552 1405 ne
562 1367 724 1416 enumerem,
736 1356 804 1420 quot
814 1357 842 1403 et
852 1365 928 1420 quos

132 1427 241 1478 diversa
274 1443 301 1478 m
316 1429 435 1494 partium
449 1427 530 1479 venia
548 1431 576 1478 et
594 1425 785 1479 incolumitate
798 1425 929 1480 'donatos

131 1500 255 1568 principe
281 1501 380 1566 ¹etiam
394 1501 423 1550 in
440 1501 551 1552 civitate
564 1499 866 1566 locumtenerepussus
876 1501 928 1567 sit,

131 1571 239 1622 lunium
249 1571 387 1623 Nouatum
398 1579 425 1624 et
435 1573 559 1624 Cassium
570 1569 748 1636 Patauinum,
759 1589 775 1625 e
784 1572 863 1640 plebe
873 1571 929 1626 ho·

131 1646 230 1708 mines,
251 1645 366 1696 alterum
376 1647 504 1712 pecunia,
522 1646 637 1698 alterum
651 1646 707 1698 leri
716 1645 814 1698 exsilio
825 1648 929 1713 punire

131 1719 200 1772 satis
220 1716 329 1780 habuit;
360 1733 443 1785 quum
461 1719 510 1770 ille
528 1719 667 1788 Agrippae
685 1720 792 1772 iuvenis
811 1719 929 1774 nominc

131 1793 309 1860 asperrimum
320 1792 354 1845 de
364 1807 393 1843 se
402 1793 547 1859 epistolam
561 1795 591 1845 ln
604 1794 703 1860 vulgis
719 1793 862 1858 edidisset,
877 1792 929 1848 bie

31 1901 38 1915 .
131 1866 258 1918 convivio
269 1865 350 1934 pleno
361 1865 573 1933 proclamasset,
591 1874 771 1934 nequeuntem
780 1865 929 1934 tibiaeque

131 1939 247 1992 monum
257 1941 341 1992 desere
352 1933 519 2010 confodiendi
528 1957 594 1992 mm.
615 1939 741 2002 Quadam
751 1955 816 1992 vero
828 1945 928 2008 cogni.

130 2015 215 2079 tione,
227 2029 310 2084 quum
320 2013 436 2066 Aemilio
446 2013 739 2083 Aelianocordubensi
748 2014 821 2066 inter
831 2021 930 2070 cetera

131 2088 247 2140 crlmlrm
256 2089 300 2141 vel
309 2089 427 2140 maxime
438 2088 615 2161 obiiceretur,
636 2087 711 2156 quod
724 2087 796 2139 male
812 2088 930 2156 opinari

131 2159 166 2213 de
176 2161 294 2215 Caesare
304 2162 417 2225 soleret,
432 2177 579 2214 conversus
589 2161 625 2212 ad
636 2167 836 2225 accusatorem,
848 2176 929 2216 com-

130 2240 261 2302 motoque
272 2236 382 2300 similis,
399 2233 494 2297 Velim,
505 2235 607 2302 inquit,
618 2233 668 2286 bec
676 2233 858 2302 midiprnbesr
870 2235 928 2306 sa.

131 2305 929 2377 ¹ciamrcintdelinnnr,etmelinguamlettlrerespluraenim
975 2343 976 2368 r

132 2379 163 2431 ds
172 2396 201 2431 eo
212 2381 311 2446 loquar.
323 2381 380 2434 Nec
390 2383 535 2450 quicquam
545 2383 619 2434 ultra
629 2388 674 2448 sut
682 2383 775 2434 statim
787 2388 835 2434 ant
843 2393 928 2452 post-

114 2451 165 2506 *ea
178 2453 328 2522 inquisivit.
367 2457 480 2508 'liberio
501 2471 621 2525 quoque,
642 2456 676 2508 de
695 2455 790 2508 eadem
807 2471 850 2520 re,
872 2461 929 2514 sed

130 2527 291 2594 violentius,
312 2530 385 2597 apud
400 2545 491 2598 seper
505 2530 651 2597 epistolam
669 2531 858 2597 conquerenti,
879 2532 929 2586 lta

130 2603 282 2672 rescripsit:
302 2603 395 2657 Aetati
404 2613 477 2669 tuae,
498 2603 536 2656 ms'
547 2601 648 2669 liberi,
669 2602 725 2657 nali
736 2603 765 2655 r'n
778 2601 829 2656 dee
838 2619 870 2658 rs
879 2605 927 2660 ἰη-
