<?xml version="1.0" encoding="UTF-8"?>
<!DOCTYPE html PUBLIC "-//W3C//DTD XHTML 1.0 Transitional//EN"
    "http://www.w3.org/TR/xhtml1/DTD/xhtml1-transitional.dtd">
<html xmlns="http://www.w3.org/1999/xhtml" xml:lang="en" lang="en">
 <head>
  <title>
</title>
<meta http-equiv="Content-Type" content="text/html;charset=utf-8" />
  <meta name='ocr-system' content='tesseract 3.04.00' />
  <meta name='ocr-capabilities' content='ocr_page ocr_carea ocr_par ocr_line ocrx_word'/>
</head>
<body>
  <div class='ocr_page' id='page_1' title='image "./csuetoniitranqu00weisgoog_0241.png"; bbox 0 0 1992 2962; ppageno 0'>
   <div class='ocr_carea' id='block_1_1' title="bbox 331 77 888 133">
    <p class='ocr_par' dir='ltr' id='par_1_1' title="bbox 331 77 888 133">
     <span class='ocr_line' id='line_1_1' title="bbox 331 77 888 133; baseline -0.005 0"><span class='ocrx_word' id='word_1_1' title='bbox 331 84 441 133; x_wconf 83' lang='lat' dir='ltr'><strong>NERO.</strong></span> <span class='ocrx_word' id='word_1_2' title='bbox 476 83 553 131; x_wconf 80' lang='lat' dir='ltr'>CAP.</span> <span class='ocrx_word' id='word_1_3' title='bbox 571 77 652 130; x_wconf 60' lang='lat'><strong>1-45.</strong></span> <span class='ocrx_word' id='word_1_4' title='bbox 838 81 888 131; x_wconf 78' lang='lat'><strong>227</strong></span> 
     </span>
    </p>
   </div>
   <div class='ocr_carea' id='block_1_2' title="bbox 11 203 888 721">
    <p class='ocr_par' dir='ltr' id='par_1_2' title="bbox 11 203 888 721">
     <span class='ocr_line' id='line_1_2' title="bbox 91 203 888 275; baseline -0.005 -13"><span class='ocrx_word' id='word_1_5' title='bbox 91 210 181 273; x_wconf 86' lang='lat' dir='ltr'><strong>necis,</strong></span> <span class='ocrx_word' id='word_1_6' title='bbox 194 205 349 275; x_wconf 85' lang='lat' dir='ltr'><strong>quanquam</strong></span> <span class='ocrx_word' id='word_1_7' title='bbox 358 205 466 270; x_wconf 86' lang='lat' dir='ltr'><strong>insous‚&#39;</strong></span> <span class='ocrx_word' id='word_1_8' title='bbox 474 205 619 258; x_wconf 86' lang='lat' dir='ltr'><strong>damnatus</strong></span> <span class='ocrx_word' id='word_1_9' title='bbox 629 205 689 272; x_wconf 84' lang='lat' dir='ltr'><strong>lege</strong></span> <span class='ocrx_word' id='word_1_10' title='bbox 699 203 794 271; x_wconf 89' lang='lat' dir='ltr'><strong>Pedia,</strong></span> <span class='ocrx_word' id='word_1_11' title='bbox 806 221 888 272; x_wconf 89' lang='lat' dir='ltr'><strong>quum</strong></span> 
     </span>
     <span class='ocr_line' id='line_1_3' title="bbox 93 279 888 348; baseline -0.004 -13"><span class='ocrx_word' id='word_1_12' title='bbox 93 279 438 346; x_wconf 84' lang='lat' dir='ltr'><strong>adGassintrutnmque</strong></span> <span class='ocrx_word' id='word_1_13' title='bbox 446 281 649 348; x_wconf 86' lang='lat' dir='ltr'><strong>se‚propinqua</strong></span> <span class='ocrx_word' id='word_1_14' title='bbox 659 279 714 330; x_wconf 92' lang='lat' dir='ltr'><strong>sibi</strong></span> <span class='ocrx_word' id='word_1_15' title='bbox 723 281 888 346; x_wconf 86' lang='lat' dir='ltr'><strong>cognatione</strong></span> 
     </span>
     <span class='ocr_line' id='line_1_4' title="bbox 93 353 887 422; baseline -0.004 -14"><span class='ocrx_word' id='word_1_16' title='bbox 93 358 220 419; x_wconf 87' lang='lat' dir='ltr'><strong>iunctos,</strong></span> <span class='ocrx_word' id='word_1_17' title='bbox 236 353 408 418; x_wconf 73' lang='lat' dir='ltr'><strong>contudisset,</strong></span> <span class='ocrx_word' id='word_1_18' title='bbox 422 359 487 422; x_wconf 88' lang='lat' dir='ltr'><strong>post</strong></span> <span class='ocrx_word' id='word_1_19' title='bbox 504 355 646 420; x_wconf 86' lang='lat' dir='ltr'><strong>utriusque</strong></span> <span class='ocrx_word' id='word_1_20' title='bbox 664 353 805 404; x_wconf 90' lang='lat' dir='ltr'><strong>interitum</strong></span> <span class='ocrx_word' id='word_1_21' title='bbox 818 353 887 405; x_wconf 88' lang='lat' dir='ltr'><strong>clas·</strong></span> 
     </span>
     <span class='ocr_line' id='line_1_5' title="bbox 11 425 888 491; baseline -0.005 -9"><span class='ocrx_word' id='word_1_22' title='bbox 11 425 14 434; x_wconf 74' lang='grc'><em>’</em></span> <span class='ocrx_word' id='word_1_23' title='bbox 95 445 155 482; x_wconf 88' lang='lat' dir='ltr'><strong>sem</strong></span> <span class='ocrx_word' id='word_1_24' title='bbox 168 429 234 480; x_wconf 92' lang='lat' dir='ltr'><strong>olim</strong></span> <span class='ocrx_word' id='word_1_25' title='bbox 244 428 416 480; x_wconf 79' lang='lat' dir='ltr'><strong>commissam</strong></span> <span class='ocrx_word' id='word_1_26' title='bbox 430 429 555 491; x_wconf 84' lang='lat' dir='ltr'><strong>retinuit,</strong></span> <span class='ocrx_word' id='word_1_27' title='bbox 570 427 648 478; x_wconf 81' lang='lat' dir='ltr'><strong>auxit</strong></span> <span class='ocrx_word' id='word_1_28' title='bbox 657 427 753 489; x_wconf 88' lang='lat' dir='ltr'><strong>etiam;</strong></span> <span class='ocrx_word' id='word_1_29' title='bbox 773 442 823 478; x_wconf 88' lang='lat' dir='ltr'><strong>nec</strong></span> <span class='ocrx_word' id='word_1_30' title='bbox 833 428 888 478; x_wconf 87' lang='lat' dir='ltr'><strong>nisi</strong></span> 
     </span>
     <span class='ocr_line' id='line_1_6' title="bbox 34 500 886 573; baseline -0.006 -18"><span class='ocrx_word' id='word_1_31' title='bbox 34 517 35 520; x_wconf 73' lang='grc'>’</span> <span class='ocrx_word' id='word_1_32' title='bbox 95 504 224 573; x_wconf 87' lang='lat' dir='ltr'><strong>partibus</strong></span> <span class='ocrx_word' id='word_1_33' title='bbox 234 502 334 567; x_wconf 87' lang='lat' dir='ltr'><strong>ubique</strong></span> <span class='ocrx_word' id='word_1_34' title='bbox 344 500 499 567; x_wconf 81' lang='lat' dir='ltr'><strong>profligatis</strong></span> <span class='ocrx_word' id='word_1_35' title='bbox 508 501 547 551; x_wconf 92' lang='lat' dir='ltr'><strong>M.</strong></span> <span class='ocrx_word' id='word_1_36' title='bbox 558 501 677 552; x_wconf 80' lang='lat' dir='ltr'><strong>Antonio</strong></span> <span class='ocrx_word' id='word_1_37' title='bbox 689 506 798 568; x_wconf 88' lang='lat' dir='ltr'><strong>sponte,</strong></span> <span class='ocrx_word' id='word_1_38' title='bbox 810 507 837 551; x_wconf 91' lang='lat' dir='ltr'><strong>et</strong></span> <span class='ocrx_word' id='word_1_39' title='bbox 846 501 886 550; x_wconf 91' lang='lat' dir='ltr'><strong>iu-</strong></span> 
     </span>
     <span class='ocr_line' id='line_1_7' title="bbox 96 572 885 648; baseline -0.005 -20"><span class='ocrx_word' id='word_1_40' title='bbox 96 577 188 648; x_wconf 72' lang='lat' dir='ltr'><strong>gentia</strong></span> <span class='ocrx_word' id='word_1_41' title='bbox 198 575 289 626; x_wconf 79' lang='lat' dir='ltr'><strong>meriti</strong></span> <span class='ocrx_word' id='word_1_42' title='bbox 298 574 371 638; x_wconf 88' lang='lat' dir='ltr'><strong>loco,</strong></span> <span class='ocrx_word' id='word_1_43' title='bbox 381 572 511 638; x_wconf 82' lang='lat' dir='ltr'><strong>tradidit3</strong></span> <span class='ocrx_word' id='word_1_44' title='bbox 524 574 655 642; x_wconf 85' lang='lat' dir='ltr'><strong>solusque</strong></span> <span class='ocrx_word' id='word_1_45' title='bbox 666 574 787 627; x_wconf 85' lang='lat' dir='ltr'><strong>omnium</strong></span> <span class='ocrx_word' id='word_1_46' title='bbox 797 588 831 626; x_wconf 82' lang='lat' dir='ltr'><strong>ex</strong></span> <span class='ocrx_word' id='word_1_47' title='bbox 841 574 885 638; x_wconf 91' lang='lat' dir='ltr'><strong>iis,</strong></span> 
     </span>
     <span class='ocr_line' id='line_1_8' title="bbox 97 647 886 721; baseline -0.003 -21"><span class='ocrx_word' id='word_1_48' title='bbox 97 651 148 721; x_wconf 86' lang='lat' dir='ltr'><strong>qui</strong></span> <span class='ocrx_word' id='word_1_49' title='bbox 160 649 223 716; x_wconf 89' lang='lat' dir='ltr'><strong>pari</strong></span> <span class='ocrx_word' id='word_1_50' title='bbox 236 648 296 714; x_wconf 80' lang='lat' dir='ltr'><strong>lege</strong></span> <span class='ocrx_word' id='word_1_51' title='bbox 311 647 434 698; x_wconf 84' lang='lat' dir='ltr'><strong>damnati</strong></span> <span class='ocrx_word' id='word_1_52' title='bbox 446 653 535 713; x_wconf 85' lang='lat' dir='ltr'><strong>erant,</strong></span> <span class='ocrx_word' id='word_1_53' title='bbox 555 649 697 700; x_wconf 87' lang='lat' dir='ltr'><strong>restitutus</strong></span> <span class='ocrx_word' id='word_1_54' title='bbox 711 648 740 698; x_wconf 90' lang='lat' dir='ltr'><strong>iu</strong></span> <span class='ocrx_word' id='word_1_55' title='bbox 754 649 886 715; x_wconf 73' lang='lat' dir='ltr'><strong>patriam,</strong></span> 
     </span>
    </p>
   </div>
   <div class='ocr_carea' id='block_1_3' title="bbox 97 719 979 790">
    <p class='ocr_par' dir='ltr' id='par_1_3' title="bbox 97 719 979 790">
     <span class='ocr_line' id='line_1_9' title="bbox 97 719 979 790; baseline -0.002 -16"><span class='ocrx_word' id='word_1_56' title='bbox 97 723 284 789; x_wconf 86' lang='lat' dir='ltr'><strong>amplissimos</strong></span> <span class='ocrx_word' id='word_1_57' title='bbox 299 719 418 772; x_wconf 88' lang='lat' dir='ltr'><strong>honores</strong></span> <span class='ocrx_word' id='word_1_58' title='bbox 427 723 609 790; x_wconf 85' lang='lat' dir='ltr'><strong>percucurrit;</strong></span> <span class='ocrx_word' id='word_1_59' title='bbox 629 737 662 773; x_wconf 89' lang='lat' dir='ltr'><strong>ac</strong></span> <span class='ocrx_word' id='word_1_60' title='bbox 671 721 787 772; x_wconf 89' lang='lat' dir='ltr'><strong>subinde</strong></span> <span class='ocrx_word' id='word_1_61' title='bbox 796 722 886 774; x_wconf 87' lang='lat' dir='ltr'><strong>redin·</strong></span> <span class='ocrx_word' id='word_1_62' title='bbox 975 725 979 734; x_wconf 87' lang='lat'><strong><em>&#39;</em></strong></span> 
     </span>
    </p>
   </div>
   <div class='ocr_carea' id='block_1_4' title="bbox 25 795 885 2618">
    <p class='ocr_par' dir='ltr' id='par_1_4' title="bbox 25 795 885 1305">
     <span class='ocr_line' id='line_1_10' title="bbox 95 795 885 864; baseline -0.003 -16"><span class='ocrx_word' id='word_1_63' title='bbox 95 801 206 864; x_wconf 77' lang='lat' dir='ltr'><strong>tegrata</strong></span> <span class='ocrx_word' id='word_1_64' title='bbox 226 795 395 847; x_wconf 72' lang='lat' dir='ltr'>dissensione</span> <span class='ocrx_word' id='word_1_65' title='bbox 416 795 506 860; x_wconf 61' lang='lat' dir='ltr'><strong>civili,&#39;</strong></span> <span class='ocrx_word' id='word_1_66' title='bbox 523 796 610 848; x_wconf 91' lang='lat' dir='ltr'><strong>eidem</strong></span> <span class='ocrx_word' id='word_1_67' title='bbox 629 795 749 848; x_wconf 79' lang='lat' dir='ltr'><strong>Antonio</strong></span> <span class='ocrx_word' id='word_1_68' title='bbox 769 796 885 863; x_wconf 84' lang='lat' dir='ltr'><strong>legatus,</strong></span> 
     </span>
     <span class='ocr_line' id='line_1_11' title="bbox 97 869 885 938; baseline 0.003 -18"><span class='ocrx_word' id='word_1_69' title='bbox 97 871 217 921; x_wconf 81' lang='lat' dir='ltr'><strong>delatam</strong></span> <span class='ocrx_word' id='word_1_70' title='bbox 232 869 287 920; x_wconf 90' lang='lat' dir='ltr'><strong>sibi</strong></span> <span class='ocrx_word' id='word_1_71' title='bbox 300 883 432 920; x_wconf 88' lang='lat' dir='ltr'><strong>summam</strong></span> <span class='ocrx_word' id='word_1_72' title='bbox 444 870 555 936; x_wconf 89' lang='lat' dir='ltr'><strong>imperii</strong></span> <span class='ocrx_word' id='word_1_73' title='bbox 568 870 603 921; x_wconf 91' lang='lat' dir='ltr'><strong>ab</strong></span> <span class='ocrx_word' id='word_1_74' title='bbox 617 870 665 935; x_wconf 88' lang='lat' dir='ltr'><strong>iis,</strong></span> <span class='ocrx_word' id='word_1_75' title='bbox 687 885 756 936; x_wconf 88' lang='lat' dir='ltr'><strong>quos</strong></span> <span class='ocrx_word' id='word_1_76' title='bbox 771 869 885 938; x_wconf 81' lang='lat' dir='ltr'><strong>Cleopa·</strong></span> 
     </span>
     <span class='ocr_line' id='line_1_12' title="bbox 95 943 885 1011; baseline 0 -16"><span class='ocrx_word' id='word_1_77' title='bbox 95 951 157 995; x_wconf 88' lang='lat' dir='ltr'><strong>trae</strong></span> <span class='ocrx_word' id='word_1_78' title='bbox 167 943 299 1010; x_wconf 83' lang='lat' dir='ltr'><strong>pudebat,</strong></span> <span class='ocrx_word' id='word_1_79' title='bbox 314 957 401 1008; x_wconf 84' lang='lat' dir='ltr'><strong>neque</strong></span> <span class='ocrx_word' id='word_1_80' title='bbox 415 944 553 1010; x_wconf 77' lang='lat' dir='ltr'><strong>suscipere</strong></span> <span class='ocrx_word' id='word_1_81' title='bbox 567 959 653 1011; x_wconf 87' lang='lat' dir='ltr'><strong>neque</strong></span> <span class='ocrx_word' id='word_1_82' title='bbox 665 958 792 995; x_wconf 87' lang='lat' dir='ltr'><strong>recusare</strong></span> <span class='ocrx_word' id='word_1_83' title='bbox 802 943 885 995; x_wconf 87' lang='lat' dir='ltr'><strong>liden-</strong></span> 
     </span>
     <span class='ocr_line' id='line_1_13' title="bbox 25 1015 884 1084; baseline -0.001 -15"><span class='ocrx_word' id='word_1_84' title='bbox 25 1027 33 1039; x_wconf 75' lang='lat'><strong><em>‘</em></strong></span> <span class='ocrx_word' id='word_1_85' title='bbox 94 1025 138 1069; x_wconf 86' lang='lat' dir='ltr'><strong>ter</strong></span> <span class='ocrx_word' id='word_1_86' title='bbox 152 1022 264 1084; x_wconf 90' lang='lat' dir='ltr'><strong>propter</strong></span> <span class='ocrx_word' id='word_1_87' title='bbox 278 1017 398 1068; x_wconf 76' lang='lat' dir='ltr'><strong>ambitam</strong></span> <span class='ocrx_word' id='word_1_88' title='bbox 410 1015 595 1068; x_wconf 77' lang='lat' dir='ltr'><strong>valetudinem</strong></span> <span class='ocrx_word' id='word_1_89' title='bbox 609 1033 704 1082; x_wconf 88' lang='lat' dir='ltr'><strong>ausus,</strong></span> <span class='ocrx_word' id='word_1_90' title='bbox 723 1018 835 1068; x_wconf 87' lang='lat' dir='ltr'><strong>transiit</strong></span> <span class='ocrx_word' id='word_1_91' title='bbox 849 1017 884 1068; x_wconf 91' lang='lat' dir='ltr'><strong>ad</strong></span> 
     </span>
     <span class='ocr_line' id='line_1_14' title="bbox 94 1090 884 1158; baseline -0.003 -16"><span class='ocrx_word' id='word_1_92' title='bbox 94 1091 259 1158; x_wconf 81' lang='lat' dir='ltr'><strong>Augustum,</strong></span> <span class='ocrx_word' id='word_1_93' title='bbox 267 1096 298 1144; x_wconf 71' lang='lat' dir='ltr'><strong>vet</strong></span> <span class='ocrx_word' id='word_1_94' title='bbox 306 1091 336 1141; x_wconf 92' lang='lat' dir='ltr'><strong>in</strong></span> <span class='ocrx_word' id='word_1_95' title='bbox 346 1090 442 1145; x_wconf 88' lang='lat' dir='ltr'><strong>diebus</strong></span> <span class='ocrx_word' id='word_1_96' title='bbox 451 1091 547 1158; x_wconf 81' lang='lat' dir='ltr'><strong>paucis</strong></span> <span class='ocrx_word' id='word_1_97' title='bbox 558 1091 636 1155; x_wconf 77' lang='lat' dir='ltr'><strong>obiit,</strong></span> <span class='ocrx_word' id='word_1_98' title='bbox 646 1091 779 1145; x_wconf 82' lang='lat' dir='ltr'><strong>nonnrrlla</strong></span> <span class='ocrx_word' id='word_1_99' title='bbox 789 1096 816 1142; x_wconf 89' lang='lat' dir='ltr'><strong>et</strong></span> <span class='ocrx_word' id='word_1_100' title='bbox 825 1091 884 1158; x_wconf 89' lang='lat' dir='ltr'><strong>ipse</strong></span> 
     </span>
     <span class='ocr_line' id='line_1_15' title="bbox 94 1160 884 1230; baseline 0.001 -16"><span class='ocrx_word' id='word_1_101' title='bbox 94 1160 211 1215; x_wconf 82' lang='lat' dir='ltr'><strong>infamia</strong></span> <span class='ocrx_word' id='word_1_102' title='bbox 235 1179 369 1230; x_wconf 85' lang='lat' dir='ltr'><strong>aspersus.</strong></span> <span class='ocrx_word' id='word_1_103' title='bbox 417 1163 489 1214; x_wconf 89' lang='lat' dir='ltr'><strong>Nam</strong></span> <span class='ocrx_word' id='word_1_104' title='bbox 507 1162 641 1216; x_wconf 81' lang='lat' dir='ltr'><strong>Antonius</strong></span> <span class='ocrx_word' id='word_1_105' title='bbox 663 1181 724 1216; x_wconf 89' lang='lat' dir='ltr'><strong>eum</strong></span> <span class='ocrx_word' id='word_1_106' title='bbox 748 1164 884 1220; x_wconf 88' lang='lat' dir='ltr'><strong>desiderio</strong></span> 
     </span>
     <span class='ocr_line' id='line_1_16' title="bbox 97 1235 777 1305; baseline 0 -17"><span class='ocrx_word' id='word_1_107' title='bbox 97 1238 203 1288; x_wconf 83' lang='lat' dir='ltr'><strong>amicae</strong></span> <span class='ocrx_word' id='word_1_108' title='bbox 214 1237 346 1289; x_wconf 85' lang='lat' dir='ltr'><strong>Serviliae</strong></span> <span class='ocrx_word' id='word_1_109' title='bbox 356 1235 454 1288; x_wconf 84' lang='lat' dir='ltr'><strong>Naidis</strong></span> <span class='ocrx_word' id='word_1_110' title='bbox 464 1237 644 1305; x_wconf 76' lang='lat' dir='ltr'><strong>transfugisse</strong></span> <span class='ocrx_word' id='word_1_111' title='bbox 654 1238 777 1290; x_wconf 83' lang='lat' dir='ltr'><strong>iactavit.</strong></span> 
     </span>
    </p>

    <p class='ocr_par' dir='ltr' id='par_1_5' title="bbox 95 1309 884 2244">
     <span class='ocr_line' id='line_1_17' title="bbox 153 1309 884 1378; baseline 0.001 -18"><span class='ocrx_word' id='word_1_112' title='bbox 153 1309 199 1362; x_wconf 90' lang='lat' dir='ltr'><strong>lV.</strong></span> <span class='ocrx_word' id='word_1_113' title='bbox 219 1311 261 1361; x_wconf 84' lang='lat' dir='ltr'><strong>Ex</strong></span> <span class='ocrx_word' id='word_1_114' title='bbox 274 1309 328 1362; x_wconf 90' lang='lat' dir='ltr'><strong>hoc</strong></span> <span class='ocrx_word' id='word_1_115' title='bbox 342 1309 481 1362; x_wconf 79' lang='lat' dir='ltr'><strong>Domitius</strong></span> <span class='ocrx_word' id='word_1_116' title='bbox 495 1312 629 1375; x_wconf 88' lang='lat' dir='ltr'><strong>nascitur,</strong></span> <span class='ocrx_word' id='word_1_117' title='bbox 646 1327 725 1378; x_wconf 90' lang='lat' dir='ltr'><strong>quem</strong></span> <span class='ocrx_word' id='word_1_118' title='bbox 735 1317 884 1378; x_wconf 82' lang='lat' dir='ltr'><strong>emptorem</strong></span> 
     </span>
     <span class='ocr_line' id='line_1_18' title="bbox 96 1383 883 1452; baseline 0 -17"><span class='ocrx_word' id='word_1_119' title='bbox 96 1383 219 1435; x_wconf 81' lang='lat' dir='ltr'><strong>familiae</strong></span> <span class='ocrx_word' id='word_1_120' title='bbox 237 1384 421 1451; x_wconf 80' lang='lat' dir='ltr'><strong>pecuniaeque</strong></span> <span class='ocrx_word' id='word_1_121' title='bbox 435 1384 465 1435; x_wconf 86' lang='lat' dir='ltr'><strong>in</strong></span> <span class='ocrx_word' id='word_1_122' title='bbox 478 1389 640 1437; x_wconf 89' lang='lat' dir='ltr'><strong>testamento</strong></span> <span class='ocrx_word' id='word_1_123' title='bbox 655 1386 772 1452; x_wconf 79' lang='lat' dir='ltr'><strong>Augusti</strong></span> <span class='ocrx_word' id='word_1_124' title='bbox 785 1383 883 1448; x_wconf 83' lang='lat' dir='ltr'><strong>fuisse,</strong></span> 
     </span>
     <span class='ocr_line' id='line_1_19' title="bbox 96 1458 884 1526; baseline 0.001 -18"><span class='ocrx_word' id='word_1_125' title='bbox 96 1471 160 1508; x_wconf 82' lang='lat' dir='ltr'><strong>mox</strong></span> <span class='ocrx_word' id='word_1_126' title='bbox 174 1458 256 1525; x_wconf 83' lang='lat' dir='ltr'><strong>vulgo</strong></span> <span class='ocrx_word' id='word_1_127' title='bbox 274 1463 398 1514; x_wconf 84' lang='lat' dir='ltr'><strong>notatum</strong></span> <span class='ocrx_word' id='word_1_128' title='bbox 412 1464 470 1521; x_wconf 83' lang='lat' dir='ltr'><strong>est3</strong></span> <span class='ocrx_word' id='word_1_129' title='bbox 492 1473 549 1511; x_wconf 89' lang='lat' dir='ltr'><strong>non</strong></span> <span class='ocrx_word' id='word_1_130' title='bbox 561 1459 651 1510; x_wconf 87' lang='lat' dir='ltr'><strong>minus</strong></span> <span class='ocrx_word' id='word_1_131' title='bbox 666 1459 810 1526; x_wconf 85' lang='lat' dir='ltr'><strong>aurigandi</strong></span> <span class='ocrx_word' id='word_1_132' title='bbox 826 1464 884 1509; x_wconf 87' lang='lat' dir='ltr'><strong>arte</strong></span> 
     </span>
     <span class='ocr_line' id='line_1_20' title="bbox 96 1528 883 1599; baseline 0.001 -18"><span class='ocrx_word' id='word_1_133' title='bbox 96 1531 125 1581; x_wconf 91' lang='lat' dir='ltr'><strong>iu</strong></span> <span class='ocrx_word' id='word_1_134' title='bbox 150 1530 336 1583; x_wconf 85' lang='lat' dir='ltr'><strong>adolescentia</strong></span> <span class='ocrx_word' id='word_1_135' title='bbox 358 1528 476 1596; x_wconf 81' lang='lat' dir='ltr'><strong>clamn,·</strong></span> <span class='ocrx_word' id='word_1_136' title='bbox 492 1547 573 1599; x_wconf 88' lang='lat' dir='ltr'><strong>quam</strong></span> <span class='ocrx_word' id='word_1_137' title='bbox 597 1533 693 1585; x_wconf 88' lang='lat' dir='ltr'><strong>deinde</strong></span> <span class='ocrx_word' id='word_1_138' title='bbox 718 1533 883 1584; x_wconf 82' lang='lat' dir='ltr'><strong>ornamentis</strong></span> 
     </span>
     <span class='ocr_line' id='line_1_21' title="bbox 95 1603 882 1672; baseline 0.005 -18"><span class='ocrx_word' id='word_1_139' title='bbox 95 1603 307 1672; x_wconf 84' lang='lat' dir='ltr'><strong>triumphalibus</strong></span> <span class='ocrx_word' id='word_1_140' title='bbox 327 1621 360 1658; x_wconf 83' lang='lat' dir='ltr'><strong>ex</strong></span> <span class='ocrx_word' id='word_1_141' title='bbox 380 1605 544 1659; x_wconf 82' lang='lat' dir='ltr'><strong>Germanico</strong></span> <span class='ocrx_word' id='word_1_142' title='bbox 563 1606 646 1659; x_wconf 89' lang='lat' dir='ltr'><strong>bello.</strong></span> <span class='ocrx_word' id='word_1_143' title='bbox 686 1605 786 1658; x_wconf 85' lang='lat' dir='ltr'><strong>Verum</strong></span> <span class='ocrx_word' id='word_1_144' title='bbox 807 1621 882 1658; x_wconf 88' lang='lat' dir='ltr'><strong>arro·</strong></span> 
     </span>
     <span class='ocr_line' id='line_1_22' title="bbox 95 1677 882 1762; baseline 0.001 -34"><span class='ocrx_word' id='word_1_145' title='bbox 95 1693 176 1762; x_wconf 59' lang='lat' dir='ltr'><strong>gaus,</strong></span> <span class='ocrx_word' id='word_1_146' title='bbox 191 1677 332 1745; x_wconf 69' lang='lat' dir='ltr'><strong>profusus,</strong></span> <span class='ocrx_word' id='word_1_147' title='bbox 346 1681 474 1745; x_wconf 84' lang='lat' dir='ltr'><strong>immitis,</strong></span> <span class='ocrx_word' id='word_1_148' title='bbox 489 1696 627 1732; x_wconf 86' lang='lat' dir='ltr'><strong>censorem</strong></span> <span class='ocrx_word' id='word_1_149' title='bbox 641 1679 675 1732; x_wconf 87' lang='lat' dir='ltr'><strong>L.</strong></span> <span class='ocrx_word' id='word_1_150' title='bbox 690 1679 822 1732; x_wconf 85' lang='lat' dir='ltr'><strong>Plancum</strong></span> <span class='ocrx_word' id='word_1_151' title='bbox 836 1679 882 1729; x_wconf 87' lang='lat' dir='ltr'><strong>via</strong></span> 
     </span>
     <span class='ocr_line' id='line_1_23' title="bbox 96 1751 880 1823; baseline 0.003 -21"><span class='ocrx_word' id='word_1_152' title='bbox 96 1752 150 1802; x_wconf 87' lang='lat' dir='ltr'><strong>sibi</strong></span> <span class='ocrx_word' id='word_1_153' title='bbox 165 1751 295 1805; x_wconf 85' lang='lat' dir='ltr'><strong>decedere</strong></span> <span class='ocrx_word' id='word_1_154' title='bbox 308 1753 406 1805; x_wconf 83' lang='lat' dir='ltr'><strong>aedilis</strong></span> <span class='ocrx_word' id='word_1_155' title='bbox 421 1755 526 1822; x_wconf 69' lang='lat' dir='ltr'><strong>coegit:</strong></span> <span class='ocrx_word' id='word_1_156' title='bbox 550 1761 695 1823; x_wconf 85' lang='lat' dir='ltr'><strong>praeturae</strong></span> <span class='ocrx_word' id='word_1_157' title='bbox 710 1753 880 1814; x_wconf 84' lang='lat' dir='ltr'><strong>consulatus·</strong></span> 
     </span>
     <span class='ocr_line' id='line_1_24' title="bbox 97 1823 880 1896; baseline 0 -20"><span class='ocrx_word' id='word_1_158' title='bbox 97 1837 148 1894; x_wconf 86' lang='lat' dir='ltr'><strong>que</strong></span> <span class='ocrx_word' id='word_1_159' title='bbox 162 1823 267 1878; x_wconf 87' lang='lat' dir='ltr'><strong>hono-re</strong></span> <span class='ocrx_word' id='word_1_160' title='bbox 281 1828 388 1896; x_wconf 78' lang='lat' dir='ltr'><strong>equites</strong></span> <span class='ocrx_word' id='word_1_161' title='bbox 400 1827 743 1896; x_wconf 81' lang='lat' dir='ltr'><strong>Romanos-matronasque</strong></span> <span class='ocrx_word' id='word_1_162' title='bbox 754 1827 789 1878; x_wconf 91' lang='lat' dir='ltr'><strong>ad</strong></span> <span class='ocrx_word' id='word_1_163' title='bbox 800 1841 880 1894; x_wconf 84' lang='lat' dir='ltr'><strong>agen-</strong></span> 
     </span>
     <span class='ocr_line' id='line_1_25' title="bbox 97 1899 880 1966; baseline 0.001 -17"><span class='ocrx_word' id='word_1_164' title='bbox 97 1899 159 1950; x_wconf 89' lang='lat' dir='ltr'><strong>dum</strong></span> <span class='ocrx_word' id='word_1_165' title='bbox 173 1900 284 1951; x_wconf 89' lang='lat' dir='ltr'><strong>mimum</strong></span> <span class='ocrx_word' id='word_1_166' title='bbox 297 1900 427 1966; x_wconf 82' lang='lat' dir='ltr'><strong>produxit</strong></span> <span class='ocrx_word' id='word_1_167' title='bbox 440 1901 469 1952; x_wconf 90' lang='lat' dir='ltr'><strong>iu</strong></span> <span class='ocrx_word' id='word_1_168' title='bbox 484 1917 600 1954; x_wconf 89' lang='lat' dir='ltr'><strong>scenam.</strong></span> <span class='ocrx_word' id='word_1_169' title='bbox 638 1901 805 1954; x_wconf 79' lang='lat' dir='ltr'><strong>venationes</strong></span> <span class='ocrx_word' id='word_1_170' title='bbox 815 1900 880 1952; x_wconf 88' lang='lat' dir='ltr'><strong>etin</strong></span> 
     </span>
     <span class='ocr_line' id='line_1_26' title="bbox 97 1973 881 2044; baseline 0 -20"><span class='ocrx_word' id='word_1_171' title='bbox 97 1973 175 2025; x_wconf 79' lang='lat' dir='ltr'><strong>Circo</strong></span> <span class='ocrx_word' id='word_1_172' title='bbox 191 1978 218 2024; x_wconf 88' lang='lat' dir='ltr'><strong>et</strong></span> <span class='ocrx_word' id='word_1_173' title='bbox 230 1975 259 2024; x_wconf 88' lang='lat' dir='ltr'><strong>in</strong></span> <span class='ocrx_word' id='word_1_174' title='bbox 275 1975 402 2025; x_wconf 82' lang='lat' dir='ltr'><strong>omnibus</strong></span> <span class='ocrx_word' id='word_1_175' title='bbox 411 1975 494 2026; x_wconf 83' lang='lat' dir='ltr'><strong>lirbis</strong></span> <span class='ocrx_word' id='word_1_176' title='bbox 507 1977 666 2044; x_wconf 83' lang='lat' dir='ltr'><strong>regionibus</strong></span> <span class='ocrx_word' id='word_1_177' title='bbox 677 1975 764 2038; x_wconf 79' lang='lat' dir='ltr'><strong>dedit3</strong></span> <span class='ocrx_word' id='word_1_178' title='bbox 783 1989 881 2025; x_wconf 90' lang='lat' dir='ltr'><strong>munus</strong></span> 
     </span>
     <span class='ocr_line' id='line_1_27' title="bbox 96 2047 881 2114; baseline 0 -16"><span class='ocrx_word' id='word_1_179' title='bbox 96 2048 177 2098; x_wconf 88' lang='lat' dir='ltr'><strong>etiam</strong></span> <span class='ocrx_word' id='word_1_180' title='bbox 191 2047 401 2113; x_wconf 82' lang='lat' dir='ltr'><strong>gladiatorium,</strong></span> <span class='ocrx_word' id='word_1_181' title='bbox 420 2047 469 2099; x_wconf 88' lang='lat' dir='ltr'><strong>sed</strong></span> <span class='ocrx_word' id='word_1_182' title='bbox 482 2054 561 2102; x_wconf 90' lang='lat' dir='ltr'><strong>tanta</strong></span> <span class='ocrx_word' id='word_1_183' title='bbox 575 2050 702 2114; x_wconf 82' lang='lat' dir='ltr'><strong>saevitia,</strong></span> <span class='ocrx_word' id='word_1_184' title='bbox 722 2055 753 2100; x_wconf 89' lang='lat' dir='ltr'><strong>ut</strong></span> <span class='ocrx_word' id='word_1_185' title='bbox 771 2063 881 2100; x_wconf 88' lang='lat' dir='ltr'><strong>necesse</strong></span> 
     </span>
     <span class='ocr_line' id='line_1_28' title="bbox 96 2119 881 2188; baseline 0.005 -18"><span class='ocrx_word' id='word_1_186' title='bbox 96 2119 178 2171; x_wconf 86' lang='lat' dir='ltr'><strong>luerit</strong></span> <span class='ocrx_word' id='word_1_187' title='bbox 191 2120 326 2188; x_wconf 63' lang='lat' dir='ltr'><strong>lingum,</strong></span> <span class='ocrx_word' id='word_1_188' title='bbox 339 2120 409 2172; x_wconf 75' lang='lat' dir='ltr'><strong>dam</strong></span> <span class='ocrx_word' id='word_1_189' title='bbox 423 2119 526 2173; x_wconf 83' lang='lat' dir='ltr'><strong>frustra</strong></span> <span class='ocrx_word' id='word_1_190' title='bbox 539 2124 684 2188; x_wconf 89' lang='lat' dir='ltr'><strong>monitum,</strong></span> <span class='ocrx_word' id='word_1_191' title='bbox 700 2121 790 2175; x_wconf 71' lang='lat' dir='ltr'><strong>editto</strong></span> <span class='ocrx_word' id='word_1_192' title='bbox 806 2125 881 2174; x_wconf 73' lang='lat' dir='ltr'><strong>coer·</strong></span> 
     </span>
     <span class='ocr_line' id='line_1_29' title="bbox 97 2208 164 2244; baseline -0.015 0"><span class='ocrx_word' id='word_1_193' title='bbox 97 2208 164 2244; x_wconf 88' lang='lat' dir='ltr'><strong>cere.</strong></span> 
     </span>
    </p>

    <p class='ocr_par' dir='ltr' id='par_1_6' title="bbox 94 2263 880 2618">
     <span class='ocr_line' id='line_1_30' title="bbox 148 2263 880 2337; baseline 0.005 -21"><span class='ocrx_word' id='word_1_194' title='bbox 148 2263 183 2317; x_wconf 85' lang='lat' dir='ltr'><strong>V.</strong></span> <span class='ocrx_word' id='word_1_195' title='bbox 203 2266 245 2318; x_wconf 73' lang='lat' dir='ltr'><strong>Er</strong></span> <span class='ocrx_word' id='word_1_196' title='bbox 259 2267 377 2320; x_wconf 80' lang='lat' dir='ltr'><strong>Antonia</strong></span> <span class='ocrx_word' id='word_1_197' title='bbox 390 2269 496 2321; x_wconf 86' lang='lat' dir='ltr'><strong>maiore</strong></span> <span class='ocrx_word' id='word_1_198' title='bbox 508 2276 613 2335; x_wconf 88' lang='lat' dir='ltr'><strong>patrem</strong></span> <span class='ocrx_word' id='word_1_199' title='bbox 623 2269 740 2322; x_wconf 82' lang='lat' dir='ltr'><strong>Neronis</strong></span> <span class='ocrx_word' id='word_1_200' title='bbox 753 2285 880 2337; x_wconf 84' lang='lat' dir='ltr'><strong>procrea-</strong></span> 
     </span>
     <span class='ocr_line' id='line_1_31' title="bbox 94 2340 878 2412; baseline 0.003 -20"><span class='ocrx_word' id='word_1_201' title='bbox 94 2340 144 2403; x_wconf 84' lang='lat' dir='ltr'><strong>vit,</strong></span> <span class='ocrx_word' id='word_1_202' title='bbox 156 2341 231 2391; x_wconf 89' lang='lat' dir='ltr'><strong>omni</strong></span> <span class='ocrx_word' id='word_1_203' title='bbox 240 2348 318 2406; x_wconf 82' lang='lat' dir='ltr'><strong>parte</strong></span> <span class='ocrx_word' id='word_1_204' title='bbox 327 2343 399 2392; x_wconf 84' lang='lat' dir='ltr'><strong>vitae</strong></span> <span class='ocrx_word' id='word_1_205' title='bbox 411 2341 606 2395; x_wconf 77' lang='lat' dir='ltr'><strong>detestabilem.</strong></span> <span class='ocrx_word' id='word_1_206' title='bbox 637 2340 777 2412; x_wconf 77' lang='lat' dir='ltr'><strong>Siquidem</strong></span> <span class='ocrx_word' id='word_1_207' title='bbox 788 2356 878 2396; x_wconf 87' lang='lat' dir='ltr'><strong>comes</strong></span> 
     </span>
     <span class='ocr_line' id='line_1_32' title="bbox 95 2413 877 2481; baseline 0.005 -17"><span class='ocrx_word' id='word_1_208' title='bbox 95 2413 130 2464; x_wconf 88' lang='lat' dir='ltr'><strong>ad</strong></span> <span class='ocrx_word' id='word_1_209' title='bbox 144 2415 276 2466; x_wconf 89' lang='lat' dir='ltr'><strong>orientem</strong></span> <span class='ocrx_word' id='word_1_210' title='bbox 292 2416 321 2466; x_wconf 76' lang='lat'><strong>(7.</strong></span> <span class='ocrx_word' id='word_1_211' title='bbox 333 2415 587 2480; x_wconf 50' lang='lat' dir='ltr'><strong>Caesaris-invenie</strong></span> <span class='ocrx_word' id='word_1_212' title='bbox 599 2419 691 2470; x_wconf 85' lang='lat' dir='ltr'><strong>occiso</strong></span> <span class='ocrx_word' id='word_1_213' title='bbox 703 2419 877 2481; x_wconf 70' lang='lat' dir='ltr'><strong>libertorum,</strong></span> 
     </span>
     <span class='ocr_line' id='line_1_33' title="bbox 94 2488 878 2556; baseline 0.005 -18"><span class='ocrx_word' id='word_1_214' title='bbox 94 2488 166 2552; x_wconf 90' lang='lat' dir='ltr'><strong>quod</strong></span> <span class='ocrx_word' id='word_1_215' title='bbox 180 2495 290 2554; x_wconf 85' lang='lat' dir='ltr'><strong>potare,</strong></span> <span class='ocrx_word' id='word_1_216' title='bbox 303 2494 433 2556; x_wconf 89' lang='lat' dir='ltr'><strong>qnantum</strong></span> <span class='ocrx_word' id='word_1_217' title='bbox 445 2489 602 2553; x_wconf 89' lang='lat' dir='ltr'><strong>iubebatur,</strong></span> <span class='ocrx_word' id='word_1_218' title='bbox 617 2497 770 2555; x_wconf 85' lang='lat' dir='ltr'><strong>recusarat,</strong></span> <span class='ocrx_word' id='word_1_219' title='bbox 786 2493 878 2543; x_wconf 86' lang='lat' dir='ltr'><strong>dimis-</strong></span> 
     </span>
     <span class='ocr_line' id='line_1_34' title="bbox 94 2560 876 2618; baseline 0.008 -8"><span class='ocrx_word' id='word_1_220' title='bbox 94 2575 163 2613; x_wconf 87' lang='lat' dir='ltr'><strong>suse</strong></span> <span class='ocrx_word' id='word_1_221' title='bbox 174 2561 287 2614; x_wconf 85' lang='lat' dir='ltr'><strong>cohorte</strong></span> <span class='ocrx_word' id='word_1_222' title='bbox 298 2561 447 2616; x_wconf 88' lang='lat' dir='ltr'><strong>amicorum</strong></span> <span class='ocrx_word' id='word_1_223' title='bbox 457 2560 545 2616; x_wconf 87' lang='lat' dir='ltr'><strong>nihilo</strong></span> <span class='ocrx_word' id='word_1_224' title='bbox 556 2564 706 2617; x_wconf 86' lang='lat' dir='ltr'><strong>modestius</strong></span> <span class='ocrx_word' id='word_1_225' title='bbox 716 2565 793 2618; x_wconf 74' lang='lat' dir='ltr'><strong>visit.</strong></span> <span class='ocrx_word' id='word_1_226' title='bbox 824 2565 876 2618; x_wconf 87' lang='lat' dir='ltr'><strong>Sed</strong></span> 
     </span>
    </p>
   </div>
   <div class='ocr_carea' id='block_1_5' title="bbox 634 2658 679 2703">
    <p class='ocr_par' dir='ltr' id='par_1_7' title="bbox 634 2658 679 2703">
     <span class='ocr_line' id='line_1_35' title="bbox 634 2658 679 2703; baseline -0.022 0"><span class='ocrx_word' id='word_1_227' title='bbox 634 2658 679 2703; x_wconf 83' lang='lat' dir='ltr'><strong>Pa</strong></span> 
     </span>
    </p>
   </div>
   <div class='ocr_carea' id='block_1_6' title="bbox 0 0 1001 2962">
    <p class='ocr_par' dir='ltr' id='par_1_8' title="bbox 0 0 1001 2962">
     <span class='ocr_line' id='line_1_36' title="bbox 0 0 1001 2962; baseline 0 0"><span class='ocrx_word' id='word_1_228' title='bbox 0 0 1001 2962; x_wconf 95' lang='lat' dir='ltr'><strong> </strong></span> 
     </span>
    </p>
   </div>
  </div>
 </body>
</html>
