1964 2970
15 383 19 494 l

198 135 341 215 numus
369 166 521 214 crusna.
558 167 753 214 cneo-10.
861 164 876 215 a

84 289 143 358 ipse
153 291 187 341 ab
199 306 231 342 eo
242 289 375 357 magister
384 289 505 356 equitum
517 289 660 354 diceretur,
673 291 876 357 constitutaque

85 364 119 416 sd
130 364 274 416 arbitrium
285 363 441 430 republica,
458 363 551 414 Sullae
563 371 589 414 et
598 365 732 416 Autronio
749 365 875 420 consula-

84 441 335 490 tusrestitueretur.
373 437 557 488 Meminerant
576 435 657 489 huius
674 439 875 490 coniurationis

82 513 220 564 Tanusius
232 510 365 562 Geminus
379 511 409 562 iu
423 511 566 576 Historia,
581 512 621 562 M.
635 513 752 564 Bibulus
766 514 794 563 iu
809 511 874 562 Edi-

83 588 141 652 etis,
153 588 183 638 C.
196 587 281 636 Curio
292 587 371 652 pater
380 585 409 635 iu
420 585 608 637 Orationibus.
647 587 690 638 De
705 583 757 638 hac
771 585 874 654 signifi-

83 677 143 714 care
151 661 264 712 videtur
275 667 302 710 et
312 657 408 711 Cicero
423 660 453 710 in
463 660 581 727 quadam
592 659 628 710 ad
637 661 736 712 Axium
747 660 873 728 epistola,

80 735 216 798 referens,
235 733 374 785 Caesarem
388 733 416 784 ia
427 735 562 785 corrsalata
578 735 745 860 verginatis
754 750 874 804 regnam,

81 810 111 861 de
121 825 173 876 quo
184 807 277 859 aedilis
287 807 430 877 cogitarat.
469 809 608 882 Tanusius
620 825 636 859 a
655 809 728 874 iicit,
746 809 875 860 Crassum

79 883 254 952 poenitentia
263 882 308 934 vel
318 887 392 933 metu
407 882 479 934 diem
495 883 575 934 caedi
585 883 749 936 destinatum
760 899 816 935 non
827 883 875 934 ob-

15 959 16 964 ’
79 960 160 1023 iisse,
177 957 326 1010 etidcirco
341 972 376 1008 ne
387 956 532 1008 Caesarem
542 957 652 1024 quidem
662 959 784 1026 signum,
800 955 876 1024 quod

31 1078 34 1086 .
82 1034 116 1085 sb
127 1047 162 1084 eo
174 1031 238 1082 dari
253 1025 430 1094 conuenerat,
447 1031 564 1083 dedisse.
605 1033 770 1084 convenisse
786 1037 877 1082 autern

26 1120 29 1176 5
83 1107 168 1158 Curio
180 1107 230 1169 ait,
241 1111 274 1156 ut
283 1110 377 1172 togam
388 1105 422 1156 de
432 1103 545 1157 humero
562 1105 700 1158 deiiceret.
739 1104 877 1156 ldeanu·

26 1218 28 1235 .
81 1183 134 1246 riu,
147 1179 197 1232 sed
208 1185 236 1231 et
245 1179 285 1230 M.
296 1179 423 1232 Actorius
434 1179 524 1244 Naso,
537 1187 664 1231 auctores
675 1185 752 1243 sunt,
769 1179 878 1246 conspi-

25 1254 28 1282 ‘·
81 1271 160 1307 rasse
171 1269 235 1306 eum
246 1253 330 1304 etiam
341 1269 402 1304 eum
414 1253 462 1304 Cu.
473 1253 575 1306 Pisone
586 1252 774 1316 adolescente,
787 1253 832 1304 cui
843 1253 878 1305 ob
887 1259 898 1300 '.

83 1329 272 1396 suspicionem
282 1327 405 1380 urbanae
416 1328 618 1380 coniurationis
628 1327 878 1395 provinciaHispa·

18 1455 23 1479 ,
83 1405 131 1456 uia
141 1403 216 1454 ultro
228 1407 307 1455 extra
318 1401 441 1453 ordinem
453 1401 518 1452 data
534 1401 584 1465 sit3
604 1409 781 1470 pactumque,
796 1409 828 1454 ut
842 1403 879 1453 si·

16 1501 20 1536 (-
84 1477 144 1528 mul
153 1476 224 1527 foris
234 1475 291 1540 ille,
302 1475 480 1542 ipseRonrae‚
488 1476 523 1526 ad
533 1491 577 1528 res
587 1492 673 1528 novas
685 1481 881 1545 consurgerent
909 1509 914 1516 -

84 1566 136 1620 per
145 1551 300 1604 ,imbronas
315 1556 343 1602 et
352 1549 583 1618 Transpadanos3
604 1551 763 1606 destitutum
778 1551 879 1603 utrius-

86 1641 139 1692 que
150 1623 298 1676 eonsilium
308 1631 397 1675 morte
406 1623 526 1676 Pisonis.

140 1699 177 1750 X.
197 1699 303 1750 Aedilis
308 1703 423 1766 'praeter
433 1699 575 1750 comitium
592 1716 625 1752 ac
633 1697 725 1752 forum
736 1699 880 1751 basilicas·

87 1789 139 1841 que
150 1773 234 1824 etiam
246 1773 414 1840 Capitolium
426 1775 547 1838 ornavit,
563 1776 716 1842 porticibus
728 1775 763 1825 ad
773 1781 880 1840 tempus

86 1849 247 1912 exstructis,
264 1847 417 1915 inquibus,
435 1848 591 1918 abundante
602 1865 692 1901 rerum
704 1849 800 1916 copia,
816 1862 881 1914 pars

19 1973 22 1978 ,
86 1927 238 1989 apparatus
254 1927 446 1988 exponeretur.
485 1920 654 1974 Venationes
675 1929 766 1974 autem
786 1921 880 1974 ludos·

85 2011 139 2063 que
154 2002 182 2047 et
197 2011 259 2047 cum
275 1994 383 2062 collega
393 2001 421 2048 et
430 1996 579 2064 separatim
590 1997 690 2061 edidit,
707 1993 761 2064 quo
777 1994 881 2048 faetmn

84 2076 140 2134 est,
155 2075 189 2121 ut
204 2069 387 2122 communium
404 2085 513 2138 quoqne
527 2070 712 2139 impensarum
728 2071 804 2122 solus
819 2085 881 2138 gra·

15 2161 16 2214 p
83 2145 153 2196 tiam
170 2150 294 2212 caperet3
320 2157 370 2196 nec
386 2144 573 2196 dissimularet
588 2146 695 2212 collega
711 2145 769 2196 eius
784 2143 823 2196 M.
834 2144 881 2194 Bi-

15 2257 17 2272 .
84 2219 181 2281 bulus,
203 2217 316 2270 ecculm
329 2218 392 2283 siai,
414 2219 485 2286 qaod
493 2217 604 2270 Polluci.
647 2219 760 2271 Uteaiar
769 2217 882 2286 gernira'r

15 2349 16 2352 ,
84 2292 222 2360 fratribus
241 2291 318 2344 aedes
337 2293 365 2344 ia
378 2292 445 2364 saro
472 2293 616 2345 constituta
640 2301 744 2346 tantam
766 2291 883 2346 Castoris

15 2401 16 2412 .
83 2375 240 2428 uocaretur,
261 2365 302 2419 ita
316 2382 391 2418 suam
403 2365 575 2433 Caesarisque
590 2367 796 2438 rauaijiceatiam
807 2367 883 2419 anias

85 2439 212 2492 Caesaris
222 2439 284 2494 aiei
323 2441 432 2494 Adiecit
447 2443 561 2509 irrsuper
572 2441 674 2493 Caesar
685 2445 767 2494 etiam
777 2443 883 2510 gladia-

83 2515 192 2568 torium
202 2529 315 2578 munus,
332 2516 381 2567 sed
397 2516 540 2584 aliquanto
557 2517 735 2582 paucioribus
747 2531 828 2582 quam
840 2515 884 2564 de-

83 2589 377 2656 stinaveratparibus.
417 2590 489 2641 Nam
505 2604 589 2655 quum
604 2590 752 2654 multiplici
765 2588 887 2652 undiquc

86 2661 200 2715 familia
212 2671 373 2731 comparata
382 2663 512 2717 inimicos
523 2661 714 2724 exterruisset,
727 2665 836 2711 caumrn
848 2661 889 2706 est
