1964 2970
115 81 131 130 s
253 86 267 106 ἰ
390 79 416 124 c.
439 61 651 145 suuronu

116 217 200 272 reges.
239 199 271 251 ln
283 200 427 252 Corneliae
438 207 528 253 autem
543 199 635 252 locum
645 197 806 268 Pompeiam
823 200 919 266 duxit,

118 278 152 338 Q.
163 273 289 342 Pompeii
304 274 404 339 filiam,
420 273 454 326 L.
466 274 559 326 Sullae
573 279 680 340 neptem
688 291 700 337 3·
716 290 776 326 oum
793 290 851 342 qua
869 276 918 328 de·

115 349 181 401 inde
192 348 341 400 divortium
351 348 430 413 lecit,
442 348 623 399 adulteratam
635 349 763 414 opinatus
774 364 791 402 a
801 348 834 399 P.
849 349 917 402 Clo-

118 425 180 486 dio;
201 438 280 490 quem
290 423 362 474 inter
371 423 496 491 publicas
512 422 694 484 caerimonias
704 429 866 490 penetrasse
877 424 916 475 ad

119 513 179 550 eam
189 497 319 548 muliebri
332 503 407 548 veste
416 493 474 546 tadi
485 501 614 546 constans
624 494 699 546 faura
710 502 778 561 crat,
788 506 824 550 ut
831 513 914 550 sena·
924 553 926 558 ,

117 579 162 623 tus
174 572 362 638 quaestionem
372 570 406 622 de
415 571 529 638 pollutis
540 570 626 621 saeris
638 565 795 623 decreverit.

90 683 99 706 ,
174 643 235 696 Vll.
257 645 406 706 Quaestori
422 644 540 714 ulterior
553 644 691 711 Hispania
711 645 836 708 obvenit3
862 646 915 697 ubi

48 727 59 740 ’
120 734 203 788 quum
213 719 346 770 mandatu
355 719 491 786 praetoris
500 719 560 770 iure
570 719 689 770 dicundo
702 721 913 772 conventuscir-

120 794 243 856 cumiret,
256 791 401 861 Gadesque
412 793 542 856 venisset,
555 793 745 845 animadversa
756 793 831 860 apud
840 793 914 846 Her-

120 868 190 920 culis
204 866 335 934 templum
346 867 443 934 Magni
452 866 600 917 Alexandri
614 867 747 934 imagine,
768 866 914 934 ingemuit,

120 949 148 994 et
163 941 244 1009 quasi
256 945 398 1008 pertaesus
412 941 551 1008 ignaviam
561 955 651 1005 suam,
664 940 738 1008 quod
748 938 885 992 nihildum
898 957 915 992 a

120 1031 150 1068 se
160 1015 339 1066 memorabile
354 1021 445 1066 actum
460 1022 533 1066 esset
546 1016 575 1065 in
590 1019 694 1078 aetate,
715 1030 770 1082 qna
781 1015 842 1066 'iam
851 1015 915 1068 Ale·

119 1089 226 1142 xander
237 1089 331 1142 orbem
340 1095 475 1141 terrarum
490 1088 656 1156 subegisset,
672 1089 832 1150 missionem
848 1105 914 1142 oon-

119 1166 198 1216 tinuo
215 1163 377 1232 efflagitavit
391 1164 427 1215 ad
443 1163 593 1231 captandas
604 1179 685 1230 quam
696 1164 813 1230 primum
824 1165 913 1216 maio-

120 1254 181 1290 rum
200 1254 291 1290 rerum
312 1239 472 1291 occasiones
488 1239 521 1300 ¹in
535 1239 617 1290 Urbe.
655 1238 747 1290 Etiam
768 1237 914 1292 confusum

122 1328 184 1364 enm
204 1314 311 1365 somnio
332 1315 475 1385 proximae
495 1314 584 1365 noctis
607 1315 681 1378 (nam
696 1314 772 1365 visus
788 1319 848 1366 crat
861 1328 913 1380 per

122 1387 241 1454 quictem
251 1389 335 1439 matri
345 1395 468 1456 stuprum
477 1388 616 1451 intulisse)
629 1387 798 1443 coniectores
809 1385 844 1438 ad
855 1401 911 1438 am·

120 1460 274 1530 plissimam
286 1463 566 1528 spemincitaverrmt,
583 1462 725 1511 arbitrium
742 1461 817 1512 orbis
826 1469 911 1512 terra-

116 1551 182 1594 xnrm
193 1534 322 1601 portendi
336 1535 560 1602 interpretantes,
582 1533 691 1600 quando
708 1539 809 1596 mater,
830 1549 912 1600 quam

122 1609 274 1660 subiectam
285 1608 340 1660 sibi
349 1609 476 1670 vidisset,
492 1623 548 1658 non
564 1607 620 1656 alia
632 1613 716 1669 essct,
732 1620 814 1672 quam
828 1612 911 1672 terra,

123 1679 599 1751 quaeomniumparensbaberetur.
736 1725 737 1728 ,

179 1755 253 1809 Vlll.
273 1757 415 1808 Decedens
431 1770 496 1822 ergo
514 1758 706 1821 antetempus,
717 1753 847 1807 ,colonias
857 1753 911 1806 La-

122 1833 199 1884 tinas
213 1831 247 1884 de
261 1830 380 1898 petenda
395 1829 507 1882 civitate
523 1829 659 1896 agitantes
674 1829 757 1892 autin
777 1834 804 1880 et
820 1829 854 1880 ad
864 1845 910 1881 au-

124 1905 242 1958 dendum
258 1904 557 1972 aliquidconcitasset,
578 1903 774 1964 nisiconsules
795 1906 910 1956 conscri-

123 1989 186 2048 ptas
196 1981 226 2030 in
237 1979 363 2032 Ciliciam
373 1978 499 2045 legiones,
510 1977 662 2045 paullisper
677 1979 712 2030 ob
727 1978 757 2030 id
771 1979 859 2045 ipsum
870 1995 909 2030 re-

123 2055 284 2106 tinuissent:
303 2069 354 2105 nec
369 2068 401 2104 eo
417 2053 507 2104 secius
517 2053 626 2104 maiora
635 2067 700 2106 mox
713 2053 743 2104 iu
753 2053 825 2104 Urbe
834 2053 909 2104 moli-

124 2136 170 2180 tus
181 2134 231 2180 est.
809 2144 813 2148 ·

180 2203 229 2254 lx.
250 2201 390 2270 Siquidem
406 2207 468 2253 ante
483 2217 587 2270 pancos
603 2202 676 2267 dies,
692 2216 774 2270 qnam
790 2201 909 2253 aedilita-

124 2285 180 2329 tem
189 2278 286 2340 inirct,
296 2276 407 2328 venitin
419 2279 605 2344 suspicionem
621 2277 794 2344 conspirasse
805 2291 862 2328 cum
872 2275 909 2328 M.

128 2353 228 2403 crasso
241 2351 390 2416 consulari,
402 2353 468 2403 itom
478 2351 509 2402 P.
521 2351 599 2406 Sulla
609 2356 636 2402 et
646 2350 679 2401 L.
690 2351 838 2412 Autronio,
849 2357 910 2416 post
943 2369 944 2380 ¹

126 2427 349 2494 designationem
361 2426 520 2478 consulatus
536 2426 654 2477 ambitus
671 2419 867 2486 condemnatis,
880 2430 910 2476 ut

124 2503 262 2572 principio
278 2503 345 2554 anni
363 2508 487 2554 senatum
508 2501 695 2562 adorirentur,
717 2504 744 2549 et
763 2497 909 2559 trucidatis,

126 2593 196 2644 qnos
211 2578 343 2646 placitum
360 2583 444 2641 esset,
461 2575 627 2630 dictaturam
638 2573 753 2624 Crassus
768 2571 909 2640 invaderet,
