1964 2970
147 75 184 150 sd
420 97 447 144 c.
474 95 662 144 susrouu

59 285 61 292 Ι
149 236 217 285 une,
239 220 319 288 quasi
329 220 420 287 priore
431 218 527 270 habite
536 218 655 286 procli03
669 217 764 272 'ultera
773 221 951 288 posteriore:

151 299 206 363 qud
222 294 332 346 Asinius
346 292 438 345 Pollio
459 309 493 344 ne
503 289 618 359 *tempus
633 292 742 359 quidem
757 294 953 348 concionandi

150 368 280 421 habuisse
289 383 350 418 eum
362 367 438 432 dicit,
449 367 541 418 subite
551 364 671 417 hostium
680 365 847 420 incursione.

206 441 278 493 LVl.
297 441 420 508 Reliquit
439 447 466 491 et
485 455 575 492 rerum
588 455 700 492 suerum
719 444 951 510 commentarios,

153 515 256 568 Gallici
276 515 419 582 civilisque
440 513 508 566 belli
525 513 696 580 Pompeiani.
734 514 805 566 Nam
825 515 951 571 Alexan-

151 591 226 642 drini
238 588 377 656 Africique
391 594 419 640 et
431 589 625 654 Hispaniensis
638 589 758 640 incertus
778 594 950 644 auctorest.
977 599 978 650 j

151 665 207 715 Alii
217 663 334 732 Oppium
344 668 454 729 putant,
469 662 520 712 alii
529 661 663 712 Hirtium:
683 663 732 728 qui
744 663 827 714 etiam
839 661 952 717 Gulici

152 738 219 791 belii
232 737 411 788 novissimum
424 734 677 807 imperfectumque
685 735 785 787 librum
800 735 950 803 suppleve-

151 812 197 862 rit.
235 810 278 862 De
289 810 491 861 commentariis
502 809 598 861 Cicero
612 809 641 860 in
656 809 752 862 eodem
766 809 838 862 libro
849 811 892 864 sic
902 828 950 865 re-

152 884 219 936 tertz
241 881 445 934 Commentarios
454 881 571 949 sempsit,
585 883 659 936 ualde
669 882 771 949 quidem
777 883 949 950 probandos:
978 913 979 918 =

153 956 218 1010 audi
226 966 295 1018 aaut,
306 955 373 1008 recti
382 956 529 1018 strennui,
551 955 623 1008 omui
635 965 731 1008 oruata
745 956 872 1008 orationis
883 966 948 1012 lan·

154 1047 233 1098 psam
246 1038 313 1082 reste
327 1031 461 1081 detracta.-
479 1029 525 1081 καὶ
537 1029 598 1080 dam
606 1030 699 1093 coluit,
715 1030 780 1082 alios
790 1031 886 1082 labere
892 1049 948 1098 pa-

136 1114 227 1168 ·rata,
247 1103 469 1166 andecavorum,
491 1103 538 1170 qm'
554 1105 647 1156 vellent
664 1103 775 1156 scribere
794 1103 947 1171 historiam,

153 1178 248 1247 ineptis
256 1177 570 1249 grammfortarsesem't,
583 1177 629 1245 qai
637 1178 682 1230 illa
691 1180 776 1232 valeat
785 1179 950 1234 calamistris

153 1253 270 1315 inurere,
292 1268 368 1304 sanos
382 1251 484 1318 quidem
497 1251 613 1304 lsomr'aes
627 1269 644 1304 a
660 1252 793 1304 scribendo
804 1252 947 1307 deterruit.

153 1327 197 1379 De
206 1327 304 1378 iisdem
315 1327 518 1378 commentariis
527 1327 635 1378 Hirtius
645 1327 686 1378 ita
696 1326 849 1394 praedicati
869 1327 949 1382 Adeo

149 1401 298 1468 proluatur
308 1401 422 1452 ornatam
432 1400 542 1462 iudicia,
553 1409 739 1467 atpraerepta,
751 1416 803 1452 noa
808 1401 947 1467 praedita,

148 1473 269 1546 facultas
279 1474 448 1540 scriptoribus
457 1474 585 1526 videatur.
621 1473 701 1525 Gaias
712 1483 798 1526 tameo
807 1474 848 1526 res'
857 1475 949 1530 maior

154 1555 253 1610 norma,
265 1563 343 1614 paam
352 1548 518 1613 reliquorum,
530 1556 569 1599 est
578 1547 726 1599 admiratio.
768 1548 855 1600 Ceteri
864 1549 946 1615 enim,

155 1637 234 1688 quam
244 1621 305 1672 lene
315 1630 393 1686 atque
408 1620 553 1682 emendate,
567 1636 613 1671 nos
624 1621 711 1684 etiem,
724 1621 891 1693 quarasaclle
901 1634 947 1677 at-

156 1711 205 1763 pae
223 1693 340 1746 celeriter
355 1709 396 1744 eos
411 1693 607 1761 perses-spreuit,
627 1694 730 1747 scimus.
773 1696 864 1749 Pollio
882 1698 947 1750 Asi-

155 1771 217 1820 nius
228 1778 323 1835 parum
334 1767 477 1835 diligenter
486 1770 947 1838 parumqueiutegreveritetecom·

155 1843 263 1912 positos
277 1847 367 1920 putot,
388 1857 470 1909 quum
487 1841 589 1894 Caesar
603 1843 744 1912 pleraque,
765 1852 793 1897 et
806 1859 877 1913 queo
894 1861 970 1913 per-

156 1917 228 1969 elios
238 1921 316 1967 eraut
325 1921 413 1982 gesta,
428 1922 529 1967 temere
540 1918 698 1983 crediderit,
714 1925 753 1983 et,
765 1935 837 1987 quae
844 1935 894 1987 per
904 1937 947 1987 se,

154 1991 199 2043 vel
219 1990 344 2043 consulto
364 1990 509 2042 ueletiam
527 1994 660 2044 memoria
674 1993 779 2061 lapsus,
800 2009 947 2061 perperam

156 2065 285 2130 ediderit:
306 2065 496 2131 existimatque
511 2067 705 2133 rescripturum
715 2073 748 2118 ,ct
758 2075 945 2122 correcttmmr

155 2138 249 2190 fuisse.
287 2137 410 2205 Reliquit
418 2144 445 2190 et
454 2139 485 2189 de
495 2137 628 2208 Analogia
637 2141 724 2192 libros
735 2141 817 2204 duos,
828 2149 856 2192 et
864 2141 946 2194 Anti-
972 2155 979 2162 ·

156 2221 261 2264 catones
270 2212 399 2275 totidem,
414 2227 447 2263 ec
457 2219 599 2279 praeterea
609 2218 720 2281 poema,
732 2215 806 2281 quod
816 2216 946 2270 inscribi·
970 2213 979 2226 '

154 2294 201 2338 tur
210 2286 274 2338 Iter.
315 2287 436 2348 Quorum
450 2287 583 2340 librorum
603 2289 707 2355 primos
726 2289 755 2338 iu
769 2290 889 2340 transitu
899 2291 946 2342 dl-

138 2385 140 2388 ·
156 2361 245 2428 pirum,
266 2375 347 2433 quum
358 2376 391 2411 ex
406 2361 533 2412 citeriore
545 2360 650 2425 Gellio,
672 2363 850 2414 conventibus
864 2379 946 2430 pera-

157 2436 221 2499 ctis,
241 2434 277 2485 ed
296 2435 444 2486 exercitum
463 2434 578 2494 redirem
603 2441 745 2501 sequentes
765 2436 816 2487 sub
832 2442 946 2504 tempus

154 2509 314 2562 Mundensis
324 2508 423 2576 proelii
432 2505 511 2568 iecit;
535 2507 725 2572 novissimum,
741 2508 805 2561 dum
820 2511 855 2562 ab
870 2512 946 2564 Urbe

154 2584 185 2636 iu
194 2583 357 2654 Hispaniam
367 2582 524 2633 ulteriorem
536 2585 633 2648 quarto
645 2590 672 2633 et
681 2583 811 2637 vicesimo
828 2583 872 2638 die
882 2589 946 2653 per·
