1992 2962
143 119 195 172 226
424 123 451 170 G.
472 121 657 172 SUETONll

143 243 257 296 nonnisi
266 245 401 309 vicissim,
412 245 470 296 tum
481 244 598 310 Lucios,
608 253 667 300 tum
679 245 776 298 cneos.
815 243 915 300 Plures
925 264 941 300 o

143 317 252 370 remilia
263 320 395 386 cognosci
404 318 505 372 referre
516 320 649 385 arbitror,
666 335 720 387 qno
731 318 842 371 facilius
853 335 940 388 appa·

144 399 204 444 reat
217 393 258 444 ita
274 392 453 461 degenerasse
473 408 490 445 a
509 407 621 445 suorum
635 395 784 446 virtutibus
798 393 886 460 Nero,
907 403 941 447 ut

142 472 234 518 tamen
247 467 316 518 vitia
331 467 474 533 cuiusque,
491 467 571 535 qnasi
583 467 688 520 tradita
703 475 731 520 et
744 469 880 536 ingenita,
896 485 938 522 re-

142 540 245 593 tulerit.

198 613 233 666 11.
253 614 290 666 Ut
299 614 385 681 igitur
398 614 493 682 paullo
509 613 592 666 altius
612 621 747 682 repetam,
752 611 865 668 'atavm
886 617 938 668 Gn.

142 687 305 740 Domitius·
296 703 326 739 ur
339 689 483 740 tdbunatu
500 689 678 756 pontificibus
693 687 839 754 offensior,
862 692 938 759 qnod

64 805 68 812 ,
142 762 228 816 alium
242 777 325 830 qnam
339 777 369 815 se
382 763 411 814 in
424 763 512 830 patris
526 763 570 814 sui
583 763 675 814 loorun
691 769 881 835 cooptassent,
892 766 938 818 ίιιιι

142 836 317 889 sacerdotum
331 836 569 904 subrogandorum
585 851 602 888 a
617 836 741 904 oollegiia
756 837 792 889 ad
802 838 937 904 populum

140 909 295 962 uananssitr
307 924 340 963 ao
348 911 378 961 in
389 911 542 976 consulatu,
554 909 937 980 Allobrogibusbrveruisque

142 985 292 1051 superatis,
307 981 452 1052 elephanto
462 999 513 1050 per
520 983 691 1050 prouinciam
700 989 794 1036 vectus
805 990 925 1049 est‚tnr

90 1075 93 1087 ¹
140 1059 178 1112 be
191 1059 322 1124 militum,
338 1059 418 1127 quasi
434 1059 506 1110 luter
523 1057 668 1110 sollemnia
680 1056 825 1126 triumphi,
840 1074 935 1127 prose·

143 1140 252 1203 quente.
289 1132 321 1184 ln
335 1129 488 1184 benedixit
500 1131 626 1184 Licinius
636 1133 752 1184 Crestus
763 1139 870 1197 orator,
882 1149 934 1186 uon

141 1223 195 1259 erre
209 1207 371 1270 mirandum,
383 1207 453 1273 quod
465 1213 574 1258 aeneam
588 1205 697 1258 urtam
710 1205 831 1270 baberet,
847 1207 892 1259 eus'
905 1223 933 1260 oe

134 1281 270 1354 ferreum,
287 1299 332 1335 eor
341 1281 490 1350 plumbeum
504 1289 578 1337 erret.
616 1279 708 1333 Huius
727 1281 801 1332 iilius
820 1288 934 1348 praetor

142 1357 172 1408 G.
192 1356 338 1410 Gaesarem
357 1357 502 1410 abermtem
522 1355 679 1419 eontulatn,
700 1370 780 1422 quem
795 1355 933 1408 ‘adversus

141 1430 267 1497 auspicia
277 1431 404 1498 legesque
414 1431 532 1498 gemisse
543 1429 767 1494 existimabatur,
782 1429 819 1482 erl
829 1430 932 1499 diequi-
950 1471 951 1474 η

140 1505 269 1556 titionem
279 1511 390 1556 rennuis
403 1505 531 1558 vocavit:
549 1519 614 1556 mox
629 1503 726 1556 consul
738 1504 933 1572 imperatorem

140 1579 176 1630 ab
187 1579 353 1630 exercitibus
363 1577 479 1630 Gallicis
489 1576 628 1632 retrabere
637 1579 765 1632 tentavit:
777 1593 932 1632 encoenior-

137 1668 193 1721 que
213 1654 240 1704 ei
258 1667 307 1720 per
325 1652 475 1704 tectionem
493 1653 665 1718 nominatus,
684 1653 820 1720 principio
842 1653 932 1704 civilis

139 1727 207 1778 belli
230 1727 265 1779 ad
290 1727 439 1779 Corfinium
464 1731 559 1794 ceptus
584 1733 634 1779 est.
690 1726 768 1780 Unde
788 1727 931 1792 dimissus,

138 1801 329 1854 Massilienses
337 1801 481 1854 obsidione
491 1799 650 1854 laborantes
659 1815 742 1868 quum
750 1801 870 1853 adventu
880 1817 930 1853 suo

140 1877 340 1940 confirmasset,
374 1881 485 1943 repente
514 1873 654 1939 destituit,
681 1875 795 1944 acieque
824 1875 932 1926 demum

139 1949 303 2004 Pharsalica
313 1949 454 2003 occubuit:
469 1950 513 2002 uir
521 1963 610 2018 neque
620 1949 843 2013 satisoonetaus,
854 1956 881 2001 et
890 1950 935 2007 in·-

107 2089 111 2094 .
138 2025 219 2094 genio
234 2027 323 2078 truci:¹
338 2025 368 2076 in
383 2023 573 2093 desperatione
587 2029 817 2088 rerum,mortem
831 2023 931 2075 timore
981 2031 982 2068 ι

139 2101 289 2167 appetitam
302 2101 344 2152 ita
357 2101 484 2166 expavit,
497 2103 529 2150 ut
544 2097 673 2150 haustum
687 2113 819 2150 venenum
836 2098 930 2164 poeni-
980 2161 981 2164 Ἴ

137 2175 226 2228 tentia
245 2173 412 2238 evomuerit,
426 2172 615 2240 medicumque
634 2171 834 2236 manumiserit,
856 2171 931 2239 qnod

139 2248 194 2300 sibi
211 2249 334 2315 prudens
351 2263 384 2300 no
403 2247 600 2301 solemnibus
615 2247 728 2298 noxium
742 2251 929 2314 temperasset.

140 2323 320 2374 consultante
335 2328 425 2374 autem
441 2321 493 2373 Cn
505 2318 637 2387 Pompelo
659 2319 692 2372 tle
705 2319 804 2371 mediis
819 2334 930 2372 aeneu-
978 2335 979 2366 ι

137 2401 211 2448 trani
224 2402 329 2462 partem
344 2395 532 2465 sequentibus,
548 2395 624 2448 solus
636 2394 742 2448 cenauit
751 2391 872 2446 hostium
881 2409 930 2446 nu-
977 2393 978 2444 l

137 2482 212 2519 mero
224 2465 374 2520 habendos.

175 2540 223 2591 lll
247 2540 370 2609 Reliquit
383 2543 484 2608 filiurn,
502 2543 629 2594 omnibus
646 2542 735 2609 gentis
750 2555 816 2594 suae
830 2542 930 2608 prooul
976 2525 977 2563 ¹

139 2613 223 2674 dubio
234 2613 450 2684 praeterendum.
489 2615 533 2667 Ιι·
525 2623 596 2669 mter
607 2615 733 2694 conscios
744 2615 928 2712 Caesarianae
975 2619 976 2654 ἒ
