1964 2970
176 126 306 176 runrns
335 128 493 206 canaan.
528 129 742 180 ‹inraso-ao.⁴
839 131 856 183 o
894 119 901 124 “

61 251 96 302 ad
110 249 279 320 triumphurn
294 250 621 319 sinnrleonsnlatumqrre
636 253 761 306 decessit.
800 253 855 308 Sed

60 341 156 393 quum,
177 325 348 392 edictis,iam
365 325 498 390 comitiis,
517 327 590 378 ratio
607 327 666 378 elus
685 326 781 380 baberi
798 345 854 384 non

57 406 165 467 posset,
185 400 241 450 nisi
255 399 381 466 privatus
390 400 532 451 introisset
540 401 655 466 Urbem,
676 407 704 453 et
713 403 852 468 ambienti,

57 475 206 542 utlegibus
215 473 383 536 solveretur,
399 473 480 525 multi
490 475 723 539 contradicerent,
739 483 851 530 coactus

58 555 99 600 est
106 546 288 617 triumphum,
298 563 333 598 ne
343 547 490 599 consulatu
499 549 698 612 excluderetur,
705 549 850 603 dimittere.

109 623 189 674 xlx.
209 620 353 672 Eduobus
364 619 552 691 [consulatus]
570 623 806 690 competitoribus,
816 624 850 677 L.

56 694 180 750 Lucceio
189 696 344 764 Marcoque
352 695 469 760 Bibulo,
485 695 634 749 Lucceium
649 697 704 748 sibi
715 697 850 765 adirmxit,
916 691 920 696 ’

55 778 169 839 pactus,
179 776 212 822 nt
220 770 259 834 is,
271 770 401 836 quoniam
410 769 526 822 inferior
535 773 627 838 gratia
637 777 709 824 esset
722 774 850 840 pecnnia·

55 862 107 914 que
116 845 247 916 polleret,
257 859 384 916 nummos
394 843 429 897 de
438 861 504 909 auo,
515 847 653 898 communi
662 847 785 912 nomine,
801 863 851 916 per

56 921 197 974 centurias
207 919 412 986 pronunciaret.
452 919 514 980 Qua
523 921 635 988 cognita
644 935 682 986 re,
695 922 851 988 optimates,

56 1011 126 1064 quos
136 999 228 1046 metris
239 998 357 1059 ceperat,
367 991 438 1044 nihil
447 1009 503 1044 non
513 1009 643 1046 cursurum
659 997 764 1052 eumin
780 1011 852 1047 sum-

17 1065 19 1074 ’
54 1085 99 1122 mo
111 1069 289 1136 magistratu,
300 1067 433 1118 concordi
443 1073 470 1120 et
477 1069 666 1134 'consentiente
677 1069 792 1136 collega,
804 1084 851 1121 an·

55 1150 147 1196 atores
167 1141 272 1193 Bibulo
293 1139 415 1206 fnenrnt,
440 1143 602 1195 tantundem
625 1143 790 1210 pollicendir
820 1159 853 1195 ao

55 1218 183 1286 plerique
202 1215 335 1284 pecunias
356 1215 542 1282 annullarunt,
563 1232 598 1268 ns
613 1218 719 1268 Catone
743 1215 852 1284 quidem

57 1293 209 1355 abnuente,
220 1304 281 1342 eam
292 1289 467 1357 largitionem
478 1291 646 1359 erepublica
658 1289 727 1342 fieri.
765 1289 853 1358 Igitur

57 1382 120 1419 cum
128 1363 235 1418 Bibulo
247 1365 344 1416 consul
355 1370 461 1416 creatus
472 1371 523 1416 eat.¹
560 1363 682 1416 Eandem
695 1364 730 1416 ob
741 1379 851 1417 eausam

58 1455 146 1509 opera
155 1439 192 1491 ab
203 1439 384 1506 optimatibus
395 1439 460 1490 data
475 1444 529 1507 est,
544 1446 575 1491 ut
583 1439 742 1506 provinciae
750 1429 853 1492 intruis

59 1514 223 1567 consulibus
242 1513 350 1566 minimi
363 1514 481 1581 negotii,
499 1514 586 1566 idest
604 1513 690 1568 silvae
705 1514 852 1582 callesque,

59 1589 280 1642 decernerentur.
329 1588 390 1658 Qua
418 1589 537 1640 maxime
564 1589 668 1641 inimia
696 1589 853 1653 instinctus,

60 1664 188 1715 omnibns
196 1662 300 1714 'officiis
310 1662 360 1713 Cn.
370 1661 531 1730 Pompeium
542 1669 694 1716 assentatus
705 1670 754 1727 est,
766 1661 852 1714 offen-

60 1753 119 1790 sum
129 1737 270 1806 patribus,
282 1737 365 1804 qnod,
375 1735 537 1790 Mithridate
546 1753 610 1806 rege
621 1739 708 1801 victo,
724 1742 852 1788 cunctan-

59 1813 115 1863 tius
126 1812 355 1864 eonlirmarentur
365 1817 429 1863 acta
441 1827 505 1874 sna3
525 1812 712 1880 Pompeioque
721 1811 761 1862 M.
774 1811 853 1862 Cras„

60 1901 120 1938 sum
134 1885 341 1950 reconciliavit,
361 1892 477 1938 veterem
494 1886 635 1938 inimicum
650 1901 683 1939 ex
698 1883 853 1949 consulatu,

60 1976 140 2028 quem
150 1974 259 2011 mmma
269 1959 410 2011 discordia
424 1959 507 2012 ainrul
520 1967 673 2028 gesserant3
691 1954 728 2008 ao
737 1959 854 2016 societa-

59 2041 115 2087 tem
125 2051 187 2087 enm
196 2039 317 2101 unoque
326 2034 398 2098 iniit,
403 2049 437 2086 ne
448 2035 514 2102 quid
525 2041 652 2104 ageretur
661 2035 690 2086 in
701 2031 853 2099 republica,

60 2109 135 2177 qnod
146 2108 334 2177 displicuisset
341 2109 394 2160 ulli
404 2110 526 2161 etribns.

115 2184 179 2236 XX.
198 2183 272 2235 Inito
283 2181 401 2247 honore,
421 2184 527 2250 primns
538 2185 659 2236 omnium
669 2184 802 2254 instituit,
823 2195 855 2242 nt

58 2264 118 2310 tam
132 2263 246 2310 cenatus
261 2272 343 2325 qnam
356 2257 455 2325 populi
468 2257 568 2309 diurna
582 2264 646 2310 aeta
664 2263 813 2316 confierent
828 2269 855 2316 et
943 2275 952 2285 ⁵

60 2332 278 2401 publicarentur.
316 2332 465 2399 Antiqnnm
479 2333 563 2384 etiam
577 2333 672 2386 retulit
681 2351 799 2404 morem,
813 2344 853 2402 ut,

59 2421 115 2475 qno
130 2421 223 2460 menae
236 2405 328 2458 fasces
341 2421 398 2458 non
417 2405 543 2472 haberet,
564 2423 695 2462 accensus
713 2419 777 2464 ante
791 2429 853 2465 enm

59 2483 121 2546 iret,
132 2481 247 2534 lictores
256 2496 330 2548 pone
339 2487 526 2549 sequerentur.
555 2480 631 2550 Lege
641 2491 732 2537 autem
743 2488 855 2554 agraria
946 2525 949 2530 .

60 2555 250 2624 promulgata,
272 2555 484 2607 obnunciantem
495 2554 630 2624 collegam
641 2559 725 2609 armis
735 2558 798 2610 foro
810 2574 855 2610 ex·
896 2573 898 2576 ·

62 2629 144 2699 pulit.
180 2629 220 2682 Ac
238 2634 353 2700 postero
374 2629 419 2682 die
437 2630 468 2682 in
482 2635 580 2681 senatu
594 2638 786 2697 conquesnnn,
806 2643 858 2680 neo
