1986 2960
249 121 454 200 curruum..
481 151 558 198 cnr.
576 150 691 198 er-so.
813 147 863 198 ιιι

70 278 107 329 dc
128 289 213 328 causa
228 270 373 342 quicquam
387 274 547 326 incrementi
561 273 728 325 accessisset.
767 271 862 323 Testa·

68 357 166 405 menta
176 348 396 418 primipilarium,
408 349 456 416 qui
465 349 501 399 ab
512 347 591 406 initio
601 347 771 415 principatus
781 346 862 400 'libe-

69 427 109 477 rii
118 439 208 492 neque
217 423 295 474 illum
305 437 392 490 neque
402 437 431 474 se
441 421 567 474 heredem
577 421 762 488 reliquissent,
781 424 813 469 ut
821 420 862 471 ln·

69 503 155 567 grata
174 497 298 548 rescidit:
327 497 394 547 item
414 501 577 559 ceterorum,
596 500 628 545 ut
646 495 727 545 irrita
741 499 860 558 avana,
930 513 936 520 ·

71 585 251 642 quoscunque
266 571 328 638 quis
342 570 445 622 diceret
454 568 552 621 herede
563 569 680 620 Caesare
693 568 765 620 mori
780 567 861 618 desti·
911 597 921 614 s

69 661 163 698 nasse.
203 645 264 705 Quo
279 649 354 696 metu
366 644 481 706 iniecto,
502 658 584 710 quum
597 643 652 693 iam
668 647 696 694 et
709 643 743 693 ab
757 641 861 708 ignotis

69 717 318 782 intermittam,
339 724 367 768 et
381 717 565 784 aparentibus
574 717 646 768 inter
656 716 758 768 liberos
768 714 861 782 palam

70 792 152 846 lr'ere's
171 797 384 858 nuncuparetur,
405 791 541 843 derisores
560 790 689 854 vocabat,
710 789 784 858 quod
796 795 861 856 post

10 915 11 920 ,
71 867 305 934 nuncupationem
313 866 404 918 vivere
413 863 628 932 perseverarent,
643 864 772 916 etmultis
781 876 861 916 vone-

70 946 153 992 natas
164 945 283 992 macteas
293 939 376 1000 misit.
415 939 605 1006 Cognoscebat
615 943 705 990 autem
715 937 749 989 de
758 937 861 990 talibus

71 1015 177 1076 musis,
197 1018 293 1064 taxato
303 1013 380 1080 prius
388 1012 472 1074 medo
483 1027 616 1076 summae,
638 1011 673 1062 ad
688 1027 766 1080 quem
777 1011 861 1062 conti·

72 1088 198 1140 ciendum
218 1087 383 1138 consideret:
409 1085 535 1138 coniecto
553 1086 660 1138 demum
679 1085 859 1137 excitabatur.

70 1163 111 1214 Ac
120 1177 155 1213 ne
164 1160 287 1228 paullum
298 1160 406 1227 quidem
415 1175 510 1212 morae
520 1161 639 1226 patiens,
651 1174 732 1226 super
743 1158 859 1227 quadra·

70 1236 149 1302 ginta
161 1249 224 1286 reos
239 1233 377 1302 qnondam
390 1248 425 1285 ex
439 1233 554 1284 diversis
568 1233 725 1284 criminibus
735 1247 791 1282 una
800 1244 860 1282 seu·

69 1309 158 1362 tentia
172 1308 373 1371 condemnavit,
393 1307 581 1374 gloriatusque
600 1311 641 1358 est
655 1305 860 1372 expergefactae

71 1397 169 1436 somno
182 1382 342 1446 Caesonine,
364 1389 491 1447 quantam
501 1379 608 1448 egisset,
627 1378 860 1430 domeamerids‘a·

70 1465 122 1508 ret.
160 1456 293 1508 ductione
306 1455 451 1522 proposita
469 1453 600 1520 reliquias
621 1453 740 1504 omnium
754 1460 860 1520 specta-
880 1493 882 1496 .

10 1547 11 1564 ³
73 1530 197 1582 culorum
209 1530 333 1592 subiecit,
340 1536 368 1581 et
377 1527 536 1592 venditarit,
547 1529 691 1596 exqrdreus
702 1543 750 1595 per
761 1543 790 1579 se
798 1543 860 1594 pre·
899 1521 908 1534 '

71 1605 155 1666 timet
163 1617 250 1672 usque
260 1604 293 1654 eo
304 1603 459 1667 extendens,
464 1608 496 1652 ut
506 1601 617 1669 quidam
626 1595 759 1654 immenso
770 1601 862 1653 coacti

73 1677 208 1746 quaedam
218 1691 355 1742 emere,ae
364 1677 444 1728 bouis
455 1677 627 1740 exuti,venas
636 1677 691 1727 sibi
699 1676 860 1728 inciderent.
914 1717 916 1725 .

61 1751 148 1807 Nota
157 1765 201 1803 res
211 1757 264 1816 est,
283 1751 390 1818 Aponio
403 1749 550 1802 Saturnino
565 1751 638 1802 inter
651 1749 783 1802 subsellia
798 1749 861 1801 dor·
888 1777 906 1815 5.

58 1821 197 1889 mittente,
207 1825 340 1876 monitum
352 1841 369 1875 a
379 1824 448 1877 Gaio
459 1840 634 1894 praeconem,
648 1840 683 1876 ne
691 1823 862 1891 praetorium
879 1829 895 1874 ι’

70 1899 160 1950 sirum
172 1899 267 1950 crebro
279 1899 378 1966 capitis
386 1905 464 1950 motu
473 1905 616 1950 nutantem
623 1899 677 1950 sibi
686 1897 861 1966 praeteriret3

70 1985 123 2027 nec
132 1970 233 2024 licendi
243 1973 321 2024 linem
332 1972 443 2037 iacturis,
450 1973 542 2040 quoad
550 1971 681 2024 tredecim
691 1970 862 2038 gladiatores

71 2039 198 2098 sestmtio
208 2046 340 2114 nouagles
349 2047 491 2114 ignoranti
499 2045 697 2105 addicerentur.

128 2120 255 2172 XXXIX.
275 2121 306 2171 ln
320 2119 548 2190 Galliamque,
569 2114 652 2188 Qum
671 2119 861 2170 damnatarum
909 2160 914 2170 .

71 2195 198 2246 sororum
210 2201 370 2246 ornamenta
386 2200 413 2246 et
426 2194 623 2264 supellectilem
637 2200 665 2245 et
675 2207 768 2244 servos
779 2197 862 2260 atque

71 2268 155 2320 etlam
165 2267 280 2320 libertos
289 2269 428 2320 immensis
437 2270 533 2338 pretiis
542 2267 718 2332 vendidisset,
729 2266 862 2319 invitatus

71 2343 163 2405 luero,
184 2342 315 2410 quicquid
333 2343 507 2394 instrumenti
523 2343 623 2395 veteris
638 2341 718 2393 aulae
733 2347 804 2404 erat,
826 2338 861 2392 ab

69 2415 145 2468 Urbe
154 2415 276 2484 repetiit,
285 2414 486 2482 comprehensis
497 2417 533 2467 ad
544 2415 741 2484 deportandum
752 2415 862 2466 meritc·

68 2491 121 2543 riis
132 2505 241 2557 quoque
250 2488 384 2541 vehiculis
396 2495 424 2541 et
432 2491 643 2556 pistrinensibus
652 2490 794 2551 iumentis3
815 2487 863 2538 ad·

69 2579 114 2628 eo,
124 2570 157 2615 nt
166 2569 194 2616 et
202 2565 283 2631 punis
293 2563 398 2616 Romae
407 2579 489 2630 saepo
500 2556 639 2628 deficeret,
655 2571 682 2617 et
690 2563 862 2630 litigatorum

68 2637 206 2707 plerique,
228 2637 303 2708 quod
323 2653 466 2693 occurrere
480 2639 604 2693 absentes
620 2637 656 2691 ad
674 2635 862 2690 vadimonium
