1964 2970
132 121 165 174 32
406 122 432 166 C.
457 118 641 172 SUETONH

135 249 239 313 busque
251 244 346 312 copiis,
359 257 427 309 quas
441 243 570 309 subsequi
585 243 715 305 iusserat,
731 255 814 308 quum
828 241 865 292 acl
881 257 932 295 ac-

137 319 280 372 cersendas
290 318 392 368 inutra
401 331 483 383 saepe
493 317 620 378 misisset,
625 315 774 367 novissime
783 316 844 382 ipse
854 315 932 367 clam

136 400 220 445 noctu
229 392 371 460 parvulum
382 391 520 457 navigium
531 389 607 440 solus
618 389 750 441 obvolute
762 390 852 456 capite
861 405 931 440 cou-

138 467 254 518 scendit:
265 479 352 532 neque
363 469 411 514 aut
421 465 482 532 quis
493 469 564 514 esset
574 469 636 514 ante
647 462 757 526 detexit,
770 469 818 513 aut
827 463 930 529 guber-

137 547 261 592 natorem
273 539 367 590 cedere
378 537 508 589 adversae
517 537 673 604 tempestati
682 551 780 604 passus
786 542 834 600 est,
842 551 931 604 quam

138 630 224 682 paene
234 615 348 664 obrutus
358 611 494 662 fluctibus.
715 663 729 676 ⁴

193 687 266 738 LlX.
286 685 327 737 Ne
340 685 473 752 religione
493 683 602 751 quidem
621 683 680 734 ulla
700 697 870 751 aquoquam
883 683 929 735 in-

139 768 217 828 cepto
229 759 389 811 absterritus
399 766 517 824 unquam
527 757 570 807 vel
579 757 734 808 retardatus
745 762 794 808 est.
835 757 928 818 Quum

137 834 292 886 immolanti
302 831 453 897 aufugisset
463 829 565 894 hostia,
586 829 783 896 profectionem
795 829 930 883 adversus

140 908 295 974 Scipionem
310 911 336 956 et
346 905 439 955 iubam
454 919 509 954 non
523 904 638 954 disttrlit.
677 903 827 971 Prolapsus
841 905 929 957 ctiam

138 982 167 1033 in
178 995 288 1048 egressu
297 979 386 1042 navis,
406 993 485 1029 verso
501 977 536 1027 ad
551 977 647 1028 melius
662 978 764 1042 omine,
789 975 875 1030 Teneo
891 987 929 1042 te,

138 1056 237 1121 inquit,
249 1052 352 1123 Africa.
390 1051 432 1101 Ad
446 1050 593 1102 eludendas
604 1057 693 1102 aretem
703 1052 929 1116 vaticinationes,

140 1130 239 1196 quibus
248 1127 315 1178 felix
325 1131 353 1177 et
360 1126 491 1176 invictum
501 1125 530 1174 in
540 1140 573 1176 ea
582 1125 725 1191 provincia
734 1125 857 1176 fataliter
868 1124 931 1176 Sci-

139 1204 252 1271 pionum
266 1215 364 1252 nomen
373 1198 524 1261 ferebatur,
545 1197 779 1264 despectissimum
790 1199 930 1265 quendam

140 1291 173 1327 ex
183 1275 372 1328 Corneliorum
383 1288 492 1340 genere,
504 1273 549 1322 cui
559 1271 593 1322 ad
605 1273 781 1339 opprobrium
792 1273 866 1324 vitae
876 1272 929 1324 Sa-

140 1349 237 1401 lutioni
251 1363 400 1416 cognomen
410 1353 477 1410 erat,
488 1347 516 1397 in
528 1347 624 1396 castris
635 1361 725 1396 secum
736 1344 840 1397 habuit.

195 1419 254 1472 LX.
275 1421 384 1474 Proelia
394 1436 449 1472 non
459 1426 563 1471 tantum
579 1419 727 1484 destinato,
744 1420 791 1472 sed
802 1434 835 1470 ex
846 1433 930 1472 oeca-

140 1497 217 1548 eione
227 1495 362 1556 sumebat3
383 1509 416 1546 ac
425 1509 506 1561 saepe
517 1492 551 1544 ab
561 1493 659 1545 itinere
669 1491 774 1558 statim,
789 1492 929 1546 interdum

140 1569 323 1637 spurcissimis
332 1568 549 1634 tempestatibus,
571 1581 653 1634 quum
668 1568 777 1620 minime
792 1569 853 1634 quis
867 1583 929 1620 mo-

139 1649 230 1695 turum
250 1647 371 1710 putaret3
394 1655 444 1690 nec
457 1641 511 1689 uisi
524 1646 646 1708 tempore
661 1650 780 1693 extremo
796 1641 831 1692 ad
845 1641 929 1693 dimi-

140 1715 256 1768 candum
271 1713 423 1766 cunctatior
437 1713 525 1764 factus
540 1721 592 1775 est3
613 1731 667 1781 quo
682 1716 791 1783 saepius
807 1716 929 1780 vicisset,

139 1789 192 1842 hoe
206 1791 295 1840 minus
310 1788 487 1864 experiendos
503 1803 582 1838 casus
597 1789 726 1856 opinans3
753 1788 877 1857 nihilque
897 1807 930 1842 se

138 1870 244 1916 tantum
259 1863 454 1929 acquisiturum
468 1862 598 1926 victorio,
614 1870 743 1929 quantum
760 1863 867 1915 auferre
882 1880 929 1916 ca-

138 1939 248 1990 lumitas
258 1943 359 2004 posset.
397 1935 508 1986 Nullum
518 1951 637 2004 unquam
648 1935 753 1989 hostem
763 1937 846 2001 fudit,
859 1941 929 2005 quin

139 2013 236 2064 castris
247 2025 355 2078 quoque
366 2016 487 2061 exereret:
506 2011 546 2061 ita
556 2011 660 2062 nullum
670 2012 788 2078 spatium
798 2003 928 2079 perterri-

138 2087 174 2138 tis
190 2085 282 2137 dabat.
320 2085 438 2152 Ancipiti
453 2084 559 2150 proelio
575 2099 660 2152 equos
671 2085 838 2150 dimittebat,
859 2087 928 2138 etin

138 2161 234 2229 primis
245 2153 335 2222 suum,
357 2173 411 2224 quo
426 2159 516 2208 maior
529 2159 706 2225 permanendi
715 2160 864 2211 necessitas
875 2161 928 2211 irn-

137 2240 291 2301 poneretur,
305 2231 408 2284 auxilio
419 2232 499 2298 fugae
510 2238 612 2298 erepto.

193 2306 266 2358 LXI.
286 2307 419 2358 Utebatur
429 2311 519 2356 autem
529 2321 599 2372 equo
610 2307 713 2374 insigni
717 2345 725 2370 ,
736 2307 851 2374 pedibus
862 2323 927 2374 pre·

119 2414 121 2418 .
138 2396 173 2448 pe
182 2378 319 2444 humanis,
341 2385 367 2431 et
381 2381 410 2430 in
419 2380 529 2431 modum
540 2380 687 2446 digitomm
698 2381 807 2446 ungulis
818 2383 926 2433 scissis:

139 2470 218 2522 quem
229 2460 321 2504 natum
333 2453 405 2519 apud
415 2469 452 2516 se,
465 2469 546 2519 quum
557 2451 716 2521 haruspices
725 2455 869 2520 imperium
882 2470 925 2508 or.

137 2528 181 2580 bis
189 2534 279 2579 terrae
290 2527 443 2594 significare
453 2527 564 2578 domino
579 2528 813 2594 pronunciassent,
824 2543 926 2597 magna

41 2640 44 2645 .
138 2617 203 2654 cura
224 2601 304 2652 eluit:
329 2615 378 2652 nec
392 2601 537 2667 patientem
552 2601 668 2653 sessoris
687 2601 800 2653 alterius
819 2604 925 2668 primus
