1964 2970
175 105 433 155 ocrsvlsuus.
469 107 547 155 GAP.
566 109 681 160 21-2u
792 109 842 164 tl„

29 233 127 286 caesis.
166 230 229 282 llac
239 231 382 293 nunciata,
402 231 535 284 excubias
548 247 597 300 per
605 233 705 286 Urbem
715 233 824 301 indixit,

26 323 61 360 ne
75 307 138 376 quis
153 304 288 356 tuumlius
302 305 459 368 exsisteret,
480 311 508 356 et
526 306 700 373 praesidibus
714 311 824 376 provin-

27 383 131 433 ciarum
142 379 309 448 propagavit
318 379 472 446 imperium,
483 385 515 430 ut
524 385 552 432 et
561 395 578 432 a
587 381 684 448 peritis
695 388 722 432 et
733 396 825 436 assue-

24 455 145 508 tissocii
155 453 370 504 continerentur.
408 451 495 505 Vovit
508 460 537 506 et
545 469 662 522 magnos
672 455 754 507 ludos
763 455 824 509 lovi

27 529 137 598 Optimo
148 527 287 578 Maximo:
308 526 333 578 η’
340 526 525 594 renqsublieam
538 527 567 592 in
580 527 712 581 meterem
725 539 825 583 statum

26 605 158 656 cenaret:
184 600 259 670 quod
277 600 381 652 factum
398 601 536 654 Cimbrico
551 602 730 672 Marsicoque
749 604 823 658 bello

26 686 90 731 erat.
131 676 208 727 Adeo
228 691 347 744 namque
367 681 571 728 consternatum
596 676 700 742 ferunt,
719 684 756 730 'ut
775 694 824 747 per

26 754 173 806 continuos
183 765 300 814 menses,
311 750 400 820 barba
410 751 567 820 capilloque
578 753 734 816 summisso,
741 759 825 821 caput

23 827 161 880 interdum
171 824 281 876 toribus
290 823 423 889 illideret,
433 824 603 878 vociferans:
625 825 756 892 Quinets'b'
770 825 822 879 Va-

23 919 62 964 re,
82 899 202 970 legiones
216 897 312 960 residu
336 899 463 968 diemque
477 899 565 952 cladis
580 903 729 971 quotannis
748 917 822 972 moe·

24 983 94 1028 stum
105 974 236 1026 habuerit
245 989 279 1025 ac
289 973 442 1040 lugubrem.

77 1047 182 1102 XXIV.
202 1047 234 1098 ln
248 1063 279 1100 re
292 1049 408 1100 militari
422 1054 450 1100 et
460 1051 638 1102 commutauit
647 1050 735 1102 multa
745 1054 773 1102 et
781 1051 823 1101 in·

26 1126 127 1186 stituit;
159 1129 246 1192 atque
257 1123 340 1174 etiam
356 1122 392 1174 ad
407 1123 551 1192 antiquum
565 1139 669 1175 morem
689 1123 823 1174 nonnulla

27 1197 177 1252 revocavit.
208 1197 392 1265 Disciplinam
403 1199 575 1250 severissime
585 1199 666 1249 rexit.
696 1197 738 1248 Ne
749 1197 822 1264 lega-

26 1283 115 1326 torum
133 1271 246 1341 quidem
266 1273 407 1340 cuiquam,
428 1272 483 1322 nisi
500 1277 627 1338 gravate,
648 1269 824 1340 hibernisque

26 1348 132 1400 demum
144 1347 293 1410 mensibus,
299 1347 426 1415 pcmrisit
434 1359 549 1398 uxorem
559 1346 730 1398 intervisere.
739 1345 825 1416 Equi·

25 1431 77 1476 tem
91 1423 262 1485 Romanum,
283 1420 358 1489 quod
378 1419 487 1472 duobus
507 1419 574 1472 tiliis
592 1419 824 1486 adolescentibus,

27 1513 108 1549 carisa
123 1495 297 1548 detrectandi
311 1495 489 1559 sacramenti,
510 1494 627 1563 pollices
644 1503 823 1566 amputasset,

24 1573 113 1641 ipsum
123 1573 254 1639 bonaque
269 1570 388 1622 subiecit
401 1568 511 1622 hastae:
532 1585 612 1638 quern
622 1575 727 1635 tamen,
748 1571 823 1640 qnod

24 1647 167 1698 imminere
181 1645 316 1712 emptioni
333 1644 498 1714 publicanos
511 1644 634 1709 videbat,
655 1645 755 1698 liberto
771 1661 822 1696 suo

8 1739 10 1757 ι
25 1721 143 1784 addixit,
149 1725 181 1770 ut
191 1720 343 1786 relegatum
353 1720 382 1770 in
394 1733 476 1786 agros
487 1733 537 1787 pro
548 1719 635 1772 libero
647 1719 822 1772 essesineret.

25 1795 168 1848 Decimam
180 1794 317 1861 legionem
328 1795 518 1846 contumacius
522 1801 663 1862 parentem
674 1809 735 1846 cuns
745 1793 823 1860 igno-

25 1871 111 1922 minia
119 1874 210 1921 totam
222 1865 342 1920 dimisit:
360 1869 427 1920 item
438 1868 522 1932 elias,
542 1869 705 1920 immodeste
715 1867 824 1918 missio·
891 1861 895 1864 ’

24 1961 85 1996 nem
95 1942 284 2012 postulantes,
305 1943 375 1994 citra
389 1943 535 1994 commoda
544 1944 720 2004 emeritorum
732 1939 824 2009 [prae-

25 2018 158 2087 miorum]
171 2017 372 2070 exauctorauit
407 2016 550 2081 cobortes,
561 2018 668 2085 siquae
679 2015 826 2067 cessissent

26 2089 475 2160 loco‚dccimatasborrleopauit.
514 2092 694 2144 Centruicnes
704 2090 825 2141 statione
905 2153 909 2164 1

27 2167 147 2232 deserta,
163 2166 260 2218 itidem
273 2172 306 2217 ut
315 2167 513 2234 manipulares,
530 2166 644 2236 capitali
655 2161 824 2216 animadver·

28 2243 103 2295 sione
123 2241 229 2312 puniit;
254 2256 305 2308 pro
327 2247 417 2293 cetero
439 2239 602 2293 delictorum
622 2253 722 2307 genere
740 2239 826 2290 variis
920 2274 922 2282 1

27 2316 188 2384 ignominiis
203 2314 311 2366 affecit:
334 2321 453 2368 tristare
467 2321 619 2384 pectorum
633 2313 705 2365 diem
719 2314 827 2366 iuberet

29 2399 90 2444 ante
100 2391 290 2462 praetorium
309 2389 447 2460 interdum
462 2390 602 2442 umicatos
613 2387 826 2458 discinctosque,

29 2479 225 2535 nonuunquam
247 2480 309 2528 cure
329 2463 515 2534 decempedis,
535 2463 579 2515 vol
599 2463 683 2515 etiam
698 2465 828 2532 cespitem

29 2548 179 2668 portigit&
192 2612 291 2684 Neque
300 2620 366 2683 post
374 2612 450 2667 bella
460 2612 555 2666 civilia
560 2650 568 2678 ,
589 2612 680 2664 autin
695 2611 828 2664 condens
