1964 2970
95 79 127 132 52
266 33 269 47 ι
369 82 396 128 C.
419 79 606 130 SUETONll

95 205 197 258 fectum
216 215 282 254 mox
301 203 464 254 avunculum
480 203 510 254 in
525 200 675 268 Hispanias
692 199 822 251 adversus
839 202 888 254 Cn.

2 288 6 296 ·
74 289 76 296 ¹
96 276 223 344 Pompeii
233 276 348 341 liberos,
368 277 481 328 vixdum
495 277 588 327 firmus
603 289 620 324 a
633 274 712 342 gravi
721 273 889 341 valetudine,

96 367 147 420 per
165 349 279 402 infestas
299 349 426 403 hostibus
443 351 516 413 vias,
537 348 710 417 paucissimis
730 349 889 416 comitibus,

96 423 243 492 naufragio
254 426 337 478 etiam
346 425 434 488 iacto,
449 425 608 476 subsecutus
623 437 789 491 magnopere
798 423 889 476 deme-

97 499 166 562 ruit,
187 500 341 568 approbata
359 499 414 550 cito
435 499 518 550 etiam
530 511 637 564 morum
646 497 740 558 indole
750 512 833 564 super
842 499 889 550 iti·

97 567 171 624 neris
180 574 353 624 industriam.
393 573 510 624 Caesare
523 577 588 638 post
601 576 724 638 receptes
734 571 889 639 Hispanias

98 647 299 713 expeditionem
309 648 338 698 in
348 645 442 697 Dacos
452 652 480 697 et
487 645 552 698 inde
561 643 714 696 inParthos
724 644 887 711 destinante,

98 722 264 788 praemissus
274 720 457 788 Apolloniam,
468 719 566 790 auidiis
576 719 693 770 vacavit.
732 719 821 787 thue'
831 721 888 791 pri-

98 809 171 848 mum
183 795 303 846 occisum
313 809 373 844 eum
384 792 563 862 heredemque
573 809 602 844 se
613 793 753 861 comperit,
761 793 813 863 diu
823 809 889 846 cuu-

98 873 200 930 ctatus,
222 882 257 918 an
266 868 406 935 proximas
417 865 539 936 legiones
548 868 721 936 imploraret,
736 867 767 918 id
777 867 887 935 quidem

98 941 243 993 consilium
258 947 290 993 ut
301 957 432 1010 praeceps
446 943 675 1010 immaturumque
690 942 796 994 omisit:
817 948 888 994 cete-

96 1030 157 1066 rum
167 1015 240 1068 Urbe
254 1016 370 1084 repetita
385 1015 562 1070 hereditatem
573 1017 654 1079 adiit,
675 1017 816 1080 dubitante
830 1031 888 1067 ma·

95 1095 151 1152 tre,
171 1091 270 1143 vitrico
285 1106 350 1144 vero
361 1091 468 1144 Marcio
479 1090 607 1158 Philippo
623 1089 763 1144 consulari
772 1089 889 1142 multum

98 1163 281 1216 dissuadente.
320 1165 407 1234 Atque
418 1167 452 1220 ab
463 1181 495 1216 eo
505 1172 628 1234 tempore
639 1165 803 1230 exercitibus
814 1179 888 1216 com·

96 1239 201 1305 paratis
216 1241 334 1307 primum
349 1254 410 1292 cum
418 1241 458 1292 M.
469 1240 588 1292 Antonio
602 1240 753 1308 Marcoque
766 1237 887 1305 Lepido,

96 1310 195 1363 deinde
204 1320 311 1366 tantum
321 1315 505 1368 cumAntonio
516 1329 565 1383 per
574 1314 720 1366 duodecim
725 1312 782 1364 iere
787 1327 885 1376 annos,

95 1385 245 1439 novissime
259 1403 308 1454 per
322 1395 440 1458 quatuor
455 1396 482 1442 et
496 1388 679 1459 quadraginta
688 1387 887 1454 solus-rempu7

95 1458 196 1509 blicam
206 1462 302 1511 tenuit.

151 1531 199 1583 IX.
219 1532 368 1601 Proposita
388 1538 460 1588 vitae
480 1537 539 1587 eius
558 1534 633 1586 velut
651 1550 772 1598 summa,
792 1542 887 1602 partas
978 1529 979 1538 ¹

96 1604 270 1674 singillatim,
285 1623 372 1676 neque
383 1625 431 1676 per
441 1615 577 1675 tempora,
593 1607 641 1658 sed
651 1623 700 1676 per
710 1609 828 1675 species,
841 1625 887 1662 ex·

95 1694 207 1750 sequar,
238 1695 292 1748 quo
318 1681 473 1732 distinctius
499 1681 681 1732 demonstrari
701 1684 887 1752 cognoscique

94 1754 211 1822 possint.
249 1753 328 1804 Bella
348 1755 441 1806 civilia
460 1755 578 1823 quinque
598 1755 695 1820 gessit,
720 1755 886 1822 Mutinense,

18 1872 25 1879 .
95 1825 283 1896 Philippense,
303 1826 477 1891 Pemminum,
499 1828 634 1892 Simdum,
655 1829 805 1882 Actiacum.
845 1832 889 1895 lix

98 1902 197 1970 quibus
216 1901 333 1970 primum
353 1918 386 1953 ac
405 1903 583 1954 novissimum
603 1903 733 1955 adversus
748 1905 787 1956 M.
803 1905 887 1958 Anto·

96 1976 186 2038 nium;
206 1975 353 2028 secumdum
363 1977 506 2050 adversum
516 1977 631 2028 Brutum
642 1986 669 2030 et
679 1979 817 2040 Cassium
832 1985 886 2031 ter·

95 2049 165 2100 tium
176 2049 661 2116 adveriumL.Autonimu,triumviri
668 2053 794 2117 fratrem3
806 2069 887 2122 quar·

95 2133 154 2174 tum
165 2123 295 2176 adversus
306 2123 368 2176 Sex.
379 2125 549 2194 Pompeium,
561 2126 610 2178 Cn.
621 2128 717 2178 lilium.
767 2168 770 2172 .

151 2197 186 2248 X.
207 2197 339 2250 Omnium.
353 2199 487 2252 bellorum
507 2201 617 2252 initium
640 2208 669 2253 et
692 2217 803 2254 cainam
822 2200 887 2254 hinc
978 2191 979 2202 ἶ

95 2265 225 2340 sumpsit,
245 2270 314 2323 nihil
334 2277 538 2328 convenientius
558 2275 671 2339 ducens,
692 2290 774 2346 quam
792 2291 887 2327 necem

96 2346 226 2398 avunculi
243 2347 395 2414 vindicare,
415 2343 539 2418 tuerique
560 2356 630 2402 acta.
671 2339 834 2413 Confestim,
855 2357 888 2401 ut

94 2419 244 2486 Apollonia
253 2422 347 2488 rediit,
363 2424 477 2476 Brutum
489 2425 680 2493 Cassiumque,
701 2431 728 2476 et
737 2426 766 2475 vi
775 2425 886 2493 necopi-

94 2500 204 2558 nantes,
225 2502 252 2547 et
262 2498 327 2564 quia
342 2501 481 2566 provisum
496 2498 646 2566 periculum
655 2497 886 2565 subterfugerant,

8 2611 9 2626 ,
95 2567 202 2636 legibus
217 2571 330 2638 aggredi
343 2587 459 2642 reosque
475 2571 567 2628 caedis
578 2573 704 2624 absentes
715 2571 820 2624 deferre
831 2579 886 2623 sta-
