1964 2970
130 105 163 158 4⁰
408 107 434 153 G.
458 104 646 154 SUETONH

130 227 516 290 tmeloadoeseoasideratius
525 230 580 284 iam
589 226 767 294 lopus'seeum,
788 245 821 281 ee
826 245 879 298 pro
889 233 926 284 le·

115 303 207 374 ,gilus
221 302 330 366 taine,
351 318 418 370 pune
432 303 512 356 dieat.
550 303 648 370 quue
662 304 840 370 arrogantiae
859 320 924 372 pro-

128 392 240 447 gressus
254 382 309 441 est,
328 384 372 442 ut,
393 375 539 446 hamaspice
552 377 645 430 tristia
658 384 686 430 et
695 378 755 428 sine
766 376 848 429 corde
860 381 925 430 enta

129 467 209 506 sacro
230 414 351 520 qrrodam
371 452 531 518 nunciante,
549 451 651 524 futura
674 451 777 502 diceret
800 452 924 515 laetiora,

128 542 208 593 quum
221 525 313 588 aeden
336 525 383 578 otc
393 541 444 592 pro
454 535 558 581 ostento
565 525 721 634 ducendum,
743 541 766 576 sa
762 525 869 592 'pecude'
878 543 925 578 eor

127 601 158 652 de
191 609 261 653 uret
377 637 379 645 ·
639 617 646 632 ·

152 599 337 724 fuLXXVnL
361 671 464 726 Verum
476 645 661 762 ¹praecipuam
681 631 708 724 et
726 673 924 740 inexpiabilem

128 748 184 800 sibi
192 747 326 799 invidiam
336 743 401 798 hine
410 747 529 800 maxime
538 747 643 798 movit.
672 746 810 802 Adeuntes
821 762 850 798 se
861 763 925 798 cnm

127 821 255 889 plurimis
274 818 615 908 honorificentissimisque
639 819 755 872 decretis
779 821 925 874 universos

128 900 221 962 patres
233 893 405 961 conscriptos
420 894 517 958 sedens
531 909 582 962 pro
598 893 666 946 aede
675 894 792 950 Veneris
803 893 923 946 Genitri·

129 970 169 1020 cis
184 967 301 1035 excepit.
341 967 460 1030 Quidam
480 972 590 1035 putant,
603 973 745 1034 ‚retenens
760 983 778 1018 a
793 969 923 1022 Cornelio

128 1043 229 1107 Balbo,
240 1057 324 1110 quum
335 1047 481 1094 conaretur
495 1057 650 1109 assurgeret
671 1042 733 1106 alli,
748 1058 782 1096 ne
794 1049 922 1094 conatum

129 1117 239 1184 quidem
256 1116 381 1180 omnino,
402 1115 449 1167 sed
465 1116 549 1168 etiam
567 1115 803 1168 admonentem&
819 1117 922 1168 Treba-

128 1193 206 1255 tium,
217 1195 249 1242 ut
259 1195 423 1258 assurgeret,
428 1189 662 1242 minuslamiliari
672 1190 750 1242 vultu
759 1205 923 1257 respensse

128 1265 214 1332 ldque
233 1263 338 1318 iactum
357 1263 417 1317 eins
436 1269 515 1316 tanto
534 1265 739 1318 intolerabilius
759 1270 800 1316 est
822 1264 922 1330 visum,

49 1395 59 1414 ⁸
130 1337 287 1406 qnodipse,
301 1336 482 1406 triumphanti
495 1345 525 1390 et
537 1331 670 1392 subsellia
684 1338 834 1390 tribunicia
843 1354 922 1405 prae·

128 1409 280 1464 tervehenti
288 1413 344 1470 sibi
352 1412 856 1480 nnnmecollegroPontrumrlqmlam
866 1429 922 1465 non

130 1485 327 1550 assurrexisse,
342 1485 639 1553 adeoindignatuasit,
659 1493 691 1538 ut
700 1486 921 1554 proclamaverit,
973 1531 974 1536 ,

56 1597 58 1602 «
130 1557 229 1629 Repete
239 1575 303 1628 ergo
313 1575 330 1610 a
344 1575 397 1622 me,
412 1558 522 1624 Αᾳιιίἱιι,
543 1561 728 1628 renrpulls'cam
742 1560 875 1614 ιη’ὺιιιιιιιι
895 1569 923 1614 et

129 1648 182 1690 nee
191 1633 329 1686 destiterit
337 1649 387 1701 per
397 1632 543 1686 continuos
558 1634 616 1687 dies
631 1635 777 1703 quicquam
793 1635 921 1702 cuiquam

130 1707 186 1759 nisi
199 1708 250 1761 sub
264 1707 424 1775 exceptione
438 1706 577 1774 polliceri,
598 1707 623 1760 si
636 1719 723 1762 tornea
732 1725 782 1777 per
797 1707 923 1764 Pontium

7 1807 13 1822 ·
75 1831 79 1840 ,
131 1779 255 1850 Aquilam
265 1779 378 1834 licuerit

117 1907 119 1914 s
186 1855 314 1908 Lxxrx.
333 1855 442 1910 Adiecit
452 1855 486 1908 ad
496 1862 554 1908 tam
567 1857 701 1924 insignem
714 1857 835 1924 despecti
845 1873 922 1910 sena·

40 1942 48 1950 ·
130 1936 175 1988 tns
195 1931 388 1983 contumeliam
408 1931 495 1984 multo
511 1933 686 1999 arrogantius
700 1931 812 1982 factum.
851 1931 923 1984 Nam

132 2020 215 2071 quum
225 2005 530 2062 sacrificioLatinamm
541 2012 691 2058 revertente
701 2021 733 2060 eo
744 2006 834 2057 inter
825 2021 922 2058 inimo·
933 2023 935 2026 ·

131 2078 209 2130 dicas
219 2094 348 2134 canovas
358 2079 456 2148 populi
469 2080 683 2132 acclamationes
693 2081 804 2147 quidam
816 2095 831 2130 e
841 2081 925 2132 narba

131 2158 240 2206 statuae
254 2156 314 2207 eius
328 2164 459 2208 coronam
473 2154 595 2206 lauream
611 2154 729 2206 candida
741 2153 831 2211 fascia
845 2170 924 2221 prae·

130 2227 245 2294 ligatam
255 2229 444 2296 imposuisset,
465 2233 492 2280 et
501 2227 606 2279 tribuni
615 2228 715 2294 plebis,
736 2227 853 2296 Epidius
863 2228 924 2279 Ma·

131 2301 219 2352 rullus
230 2302 424 2370 Caesetiusque
433 2301 547 2366 Flavus,
560 2317 679 2354 coronae
688 2301 805 2356 fasciam
815 2301 926 2354 detrahi
973 2313 974 2318 ’

131 2372 323 2443 hominemque
337 2376 401 2427 duni
414 2375 444 2426 in
457 2376 568 2428 vincula
580 2377 737 2442 iussissent,
758 2375 855 2428 dolens
875 2392 925 2428 seu

127 2452 228 2516 ⁴pariam
239 2455 482 2516 prosperemotam
494 2450 572 2517 regni
581 2453 755 2515 mentionem,
767 2451 833 2516 sive,
844 2456 876 2502 ut
885 2450 924 2502 ie·

132 2523 220 2587 rebat,
232 2529 352 2591 ereptam
363 2524 418 2575 sibi
427 2523 545 2591 gloriam
555 2526 714 2590 recusandi,
724 2524 852 2577 tribunos
862 2539 925 2592 gra·

131 2597 202 2652 viter
215 2598 372 2667 increpatos
386 2603 524 2666 potestate
538 2599 669 2667 privavit:
688 2615 776 2670 neque
791 2613 825 2652 ex
839 2615 872 2652 eo
883 2599 924 2650 in·
