1992 2962
264 126 393 194 uuuo,
427 127 506 176 coo.
524 125 638 175 so-ns.
726 189 731 198 ¹
803 125 854 180 2³7

63 263 123 302 mae
137 247 294 302 Neroneum
307 263 399 318 agona
412 257 475 303 ante
488 250 679 320 praestitutam
690 248 762 302 diem
775 265 853 306 revo-

62 325 153 376 cavit*
183 323 441 393 Flagltantibusque
461 325 565 376 eunctis
585 324 730 376 coelestem
743 339 853 391 vocem,
900 323 901 328 ’

4 463 5 466 ¹
62 395 206 466 respondit
220 398 343 466 quidem,
358 399 387 450 io
400 398 486 451 tortis
495 414 522 450 se
536 397 638 466 copiunt
652 397 795 450 rotatiles
803 397 852 469 ss·

4 481 5 494 ¹
62 481 186 524 cturum:
205 471 253 523 sed
268 472 414 528 adiuvante
427 473 504 540 vulgi
522 487 616 540 preces
631 473 714 523 etiam
733 473 852 524 statione

62 546 192 609 militum,
208 559 277 612 quae
291 552 357 598 tunc
366 547 533 610 excubabat,
548 551 813 614 repraesentatum
823 561 852 598 se
903 541 913 572 “·

62 619 205 688 pollicitus
220 625 261 670 est
275 619 381 682 libens3
406 635 439 673 ac
452 622 511 672 sine
524 628 603 672 mora
617 634 716 672 nomen
730 634 809 671 suurn
822 621 852 672 iu

64 692 127 744 albo
139 693 324 758 profitentium
335 693 557 746 citharoedorum
565 694 648 744 iussit
658 693 773 756 ascribi;
792 709 851 745 sor·

62 766 201 837 ticulaque
210 768 240 818 in
253 782 350 818 urnam
361 783 421 819 cum
433 769 530 820 ceteris
539 768 670 831 demissa,
684 767 799 819 inuasit
808 782 851 819 or·

64 840 127 892 dine
136 855 202 905 suo,
212 841 347 911 simulque
356 841 489 908 praelecti
502 841 636 910 praetorii
649 839 783 892 citharam
793 856 851 892 sus·

62 915 192 978 tinentes,
207 919 271 982 post
288 916 393 966 tribuni
411 917 541 981 militum,
556 917 687 982 iuxtaque
701 914 853 966 amicorum

63 989 163 1040 intimi.
201 989 290 1057 thue
301 991 436 1054 constitit,
450 996 562 1057 peracto
578 989 729 1056 principio,
744 987 853 1040 Nioben

60 1078 94 1125 ,se
108 1067 278 1116 cantaturum
293 1078 342 1130 per
355 1063 479 1114 Cluvium
493 1063 593 1114 Rufum
608 1061 779 1114 consularem
789 1077 853 1130 pro·

4 1163 5 1214 ἰ
63 1136 215 1200 nunciavit,
236 1143 263 1187 et
275 1137 305 1187 iu
319 1136 414 1188 horam
433 1137 489 1189 lere
504 1137 638 1189 decimam
651 1137 852 1203 perseveravit:

4 1221 6 1278 ζ
64 1225 248 1278 coronamque
262 1225 323 1262 eam
341 1217 369 1262 et
382 1211 517 1278 reliquam
530 1209 687 1262 certaminis
701 1215 807 1276 partem
822 1211 852 1262 in

63 1299 164 1336 armum
178 1289 333 1352 sequentem
347 1285 468 1350 distulit,
484 1290 515 1335 ut
525 1285 635 1351 saepius
645 1283 761 1335 canendi
772 1297 851 1336 occa·
948 1331 952 1338 .

62 1359 105 1410 sio
120 1366 200 1412 esset.
244 1357 325 1420 Quod
341 1373 423 1428 quum
437 1358 546 1410 tardum
560 1357 710 1420 uideretur,
724 1372 781 1409 non
795 1373 851 1410 ees·

62 1431 135 1484 savit
147 1431 295 1486 identidem
309 1448 338 1484 se
353 1433 503 1501 publicare.
541 1431 604 1482 Nou
618 1431 755 1482 dubitavit
767 1432 851 1484 ctiam
938 1435 944 1441 ’

61 1507 92 1558 in
111 1507 225 1573 privatis
243 1507 406 1576 spectaculis
427 1521 537 1574 operam
552 1506 624 1558 inter
637 1506 762 1558 scenicos
776 1506 850 1569 dare,

63 1579 180 1648 quodam
192 1587 349 1648 praetorum
358 1581 511 1634 sestertium
523 1581 613 1632 decies
623 1577 764 1632 offerente.
782 1579 851 1632 Tra·
865 1583 868 1588 '

61 1653 176 1722 goedias
191 1670 299 1724 quoque
318 1657 439 1708 cantavit
457 1660 633 1722 personatum,
653 1652 766 1705 heroum
786 1652 851 1706 deo·

60 1745 187 1798 rumque,
207 1730 272 1781 item
286 1728 429 1783 heroidum
443 1745 476 1781 ac
491 1730 603 1782 dearum
618 1728 742 1795 personis
753 1728 851 1780 effictis

61 1802 98 1854 ad
107 1803 315 1856 similitudinem
326 1806 382 1857 oris
392 1805 437 1856 sui
446 1804 612 1868 etiemiuae‚
623 1808 705 1869 prout
715 1815 850 1870 quamque

61 1875 196 1944 diligeret.
237 1877 311 1931 luter
325 1885 416 1931 catera
430 1879 552 1930 cantavit
566 1875 688 1928 Canacen
696 1872 850 1942 parturies·

2 1930 14 2011 l
61 1960 131 2016 tem,
154 1947 265 2004 Oresten
283 1952 468 2014 munuum,
490 1949 648 2023 Oedipodem
667 1957 848 2010 excaecatum,

58 2023 337 2079 Herculaniosanum.
368 2027 403 2080 ¹ln
412 2041 467 2093 qua
476 2025 572 2076 fabiola
582 2025 658 2076 lama
666 2029 717 2087 ost,
727 2023 848 2074 tiruncu·

56 2097 115 2150 lum
135 2099 261 2165 militem,
281 2102 402 2168 positum
422 2101 458 2150 ad
472 2098 626 2150 custodiam
640 2098 745 2163 aditus,
766 2112 849 2164 quum
943 2097 947 2106 '

57 2189 119 2224 eum
141 2175 236 2225 ornari
255 2189 288 2224 ac
307 2174 408 2226 vinciri
426 2175 529 2226 catenis
539 2209 547 2236 ,
568 2174 640 2224 sicut
659 2177 850 2239 argumentum

55 2247 232 2316 postulabat,
242 2247 360 2312 videret,
372 2248 523 2298 accurrisse
537 2245 665 2300 ferendae
676 2246 738 2312 opis
747 2245 849 2312 graue.

3 2333 4 2390 o
115 2317 202 2370 xxll.
222 2318 363 2387 Equorum
377 2320 470 2372 studio
480 2320 524 2371 vel
537 2319 683 2387 praecipue
693 2320 729 2370 ab
738 2320 849 2372 ineunte

3 2399 5 2462 l
56 2399 150 2448 aetate
164 2391 303 2461 flagravit,
317 2394 503 2462 plurimusque
516 2393 561 2444 illi
573 2406 676 2455 sermo,
691 2407 849 2460 quanquam

3 2463 5 2480 '
53 2473 209 2533 vetaretur,
225 2467 258 2520 de
269 2468 442 2522 circensibus
452 2473 529 2519 erat:
544 2471 572 2518 et
581 2464 720 2535 quondam
729 2471 848 2520 tractum

3 2495 5 2598 l
54 2544 198 2610 peninum
222 2543 385 2612 agitatorem
404 2543 476 2594 inter
495 2537 699 2606 condiscipulos
718 2553 846 2607 quereus,

3 2635 6 2654 ¹
55 2615 220 2686 obiurgante
235 2619 410 2690 paedagogo,
427 2617 460 2670 de
470 2615 590 2668 Hectore
603 2628 634 2666 se
648 2613 726 2682 loqui
736 2612 848 2666 eruenti-
