1964 2970
208 65 461 148 o'cravmuus.
498 99 709 149 cursa-sa
802 101 852 154 ‘es

58 226 168 278 domos.
207 221 352 291 Nunquam
363 222 436 274 lilios
451 236 517 274 suos
527 223 630 290 populo
643 215 850 292 cbmmendavit,

56 306 156 351 utnon
167 295 312 348 adiiceret:
326 296 351 346 ιι·
358 296 533 347 sumebantur.
567 295 686 361 Eisdem,
698 306 850 365 praetexta-

54 375 94 424 tis
106 371 210 434 adhuc,
232 375 413 421 assurrectum
427 371 462 421 ab
477 370 612 422 universis
626 372 656 421 in
669 369 777 424 theatro
792 380 820 425 et
833 389 851 425 a

9 493 10 496 ,
56 446 198 498 stantibus
207 443 346 512 plausum,
360 444 521 509 gravissime
531 450 643 511 questus
653 451 702 496 est.
740 446 851 499 Amicos

55 523 100 572 ita
110 527 227 584 magnos
238 522 265 568 et
274 523 400 584 potentes
408 518 437 568 in
448 518 559 568 civitate
569 533 629 570 esse
642 518 744 584 voluit,
764 527 796 570 ut
809 526 850 571 ta-

56 609 121 646 men
130 591 194 660 pari
203 593 263 641 iure
274 596 374 654 esseut,
391 605 445 657 quo
457 592 554 655 ceteri,
565 590 725 661 legibusque
734 593 850 645 iudicia-

56 669 108 720 riis
121 681 208 732 aequc
223 668 387 716 tenerentur.
425 664 514 725 Quum
525 666 661 732 Asprenas
672 666 790 732 Nonius,
807 683 850 718 ar·
877 692 880 704 ·

24 738 30 744 ’
56 743 114 794 tius
131 741 157 791 ei
174 740 297 802 iunctus,
317 751 429 789 causam
446 739 571 790 veneficii
591 748 736 792 accusante
752 742 849 792 Cassio

8 817 9 856 Τ
58 815 161 868 Severo
174 811 429 876 diceretconsuluit
438 814 642 881 senatum,quid
653 815 738 866 officii
747 817 791 866 sui
801 831 850 884 pu·
897 839 901 843 ·

8 953 9 956 Ἴ
56 893 143 941 taret:
157 885 293 938 ,mosara
303 885 419 948 enimse,
433 902 479 948 ae,
494 885 521 936 si
527 897 680 954 superesset,
693 889 804 956 cuperet
814 892 848 940 le·

8 969 9 972 ’
56 963 136 1032 gibus
150 975 241 1021 reum5
263 959 305 1011 eiu
322 959 431 1022 merset,
452 959 591 1012 destituere
610 977 642 1014 nc
657 965 850 1028 praedamnare

58 1036 173 1088 amicum
187 1033 379 1085 cestlmaretur.
418 1033 455 1085 Et
470 1037 701 1090 consentientibus
715 1038 850 1088 universis

59 1111 171 1163 seditin
181 1107 318 1160 subselliis
331 1123 381 1176 per
395 1106 503 1175 aliquot
516 1106 612 1172 horas,
632 1123 725 1160 verum
737 1111 849 1173 tacitus,

60 1199 92 1236 ac
105 1199 141 1236 ne
154 1182 314 1233 laudatione
333 1182 443 1249 quidem
461 1180 588 1232 iudiciali
605 1181 679 1232 data.
717 1181 804 1234 Amat
823 1183 853 1234 et'

60 1259 214 1326 clientibus,
226 1257 297 1306 sicut
307 1255 434 1308 Scutario
446 1255 567 1319 cuidam,
583 1261 698 1306 evocato
711 1256 850 1322 quondam

58 1349 119 1396 sno,
131 1332 180 1400 qui
189 1329 383 1398 postulabatur
395 1329 567 1379 iniuriarum.
605 1329 694 1380 Unum
708 1330 819 1382 omnino
835 1347 850 1382 e

58 1421 170 1459 reorum
180 1419 302 1468 numero,
314 1419 347 1454 ac
356 1418 391 1454 ne
401 1417 462 1454 eum
473 1402 647 1468 quidemnisi
656 1404 791 1470 precibus,
798 1405 849 1456 eri-

22 1521 30 1546 ,
56 1482 132 1549 puit,
153 1483 267 1530 exorato
285 1491 382 1529 ,coram
394 1476 533 1528 iudicibus
552 1483 725 1543 accusatore,
747 1479 849 1530 Castri-

58 1557 196 1620 cium,par
206 1567 285 1619 quem
295 1551 328 1602 de
340 1549 664 1603 coniuratioueMtuenae
673 1558 849 1620 cognoverat.

113 1623 200 1694 Lvu.
210 1624 265 1676 Pro
276 1625 374 1693 quibus
383 1625 488 1677 meritis
498 1631 667 1692 quantopere
677 1626 793 1678 dilectus
803 1627 849 1690 sit,

57 1701 143 1754 facile
154 1706 196 1751 est
206 1700 360 1751 aestimare.
399 1699 502 1751 Omitto
513 1704 624 1750 sanatas
635 1700 771 1764 consulta,
783 1700 850 1766 quia

57 1780 177 1845 possunt
188 1773 276 1825 videri
289 1774 333 1825 vel
345 1772 507 1825 necessitate
521 1788 650 1842 expressa
663 1775 708 1825 vel
721 1787 850 1826 verecun-

59 1851 115 1902 dia.
154 1847 267 1914 Equites
287 1845 406 1899 Romani
423 1848 543 1900 natalem
567 1849 627 1900 eius
650 1853 748 1916 sponte
767 1853 850 1915 atquc

60 1937 196 1977 consensu
205 1921 290 1973 biduo
302 1936 407 1988 semper
418 1921 599 1974 celebrarunt.
628 1923 727 1973 Omnes
738 1919 849 1972 ordines

59 1999 88 2049 in
97 1997 189 2048 lacum
196 1995 284 2046 Curtii
295 1997 440 2062 quotannis
451 2011 484 2048 ex
493 2001 560 2048 roto
570 2011 622 2064 pro
632 1996 721 2047 salute
732 1995 790 2046 eius
801 1995 849 2045 sti·

59 2087 121 2140 pem
134 2069 274 2122 iaciebant
279 2087 286 2133 ;
309 2071 375 2121 item
389 2069 522 2122 Kalendis
535 2070 672 2120 Ianuariis
687 2075 805 2120 saeuam
819 2069 849 2118 in

61 2143 215 2214 capitolio,
227 2143 309 2194 etiam
320 2144 437 2194 absenti:
458 2141 849 2212 ex-quasnmmapretiosissi-
904 2159 908 2168 ·

59 2235 104 2271 ma
115 2217 229 2271 deorum
240 2217 387 2269 simulacra
397 2223 545 2282 mercatus,
565 2217 678 2269 vicatim
694 2215 848 2280 dedicabat,

8 2291 9 2310 ¹
58 2300 91 2346 nt
108 2287 264 2360 Apollinem
279 2291 494 2356 Sandaliarium,
515 2291 648 2344 etlovem
664 2291 848 2358 Tragoedum,

60 2367 180 2434 aliaque.
217 2365 459 2418 Inrestitutionem
469 2365 614 2417 Palatinae
627 2365 737 2430 domus,
757 2365 848 2416 ineen-

8 2481 10 2490 .
60 2441 106 2493 dio
128 2442 302 2506 absumptae,
321 2441 456 2504 veterani,
477 2440 617 2504 decuriae,
640 2440 741 2503 tribus,
767 2445 848 2506 atque

58 2517 141 2568 etiam
152 2513 315 2580 singillatim
325 2529 341 2564 e
351 2518 441 2565 cetero
452 2528 549 2580 genere
565 2512 703 2566 hominum
710 2551 718 2577 ,
733 2513 849 2564 libentes

59 2603 91 2642 ac
100 2603 152 2657 pro
163 2586 296 2640 facultate
307 2587 421 2656 quisque
430 2588 563 2656 pecunias
577 2589 762 2641 contulerunt:
781 2585 848 2636 deli·

597 2679 644 2726 Fa
