1964 2970
188 105 316 154 IULIUS
344 103 501 152 CAESAR.
538 105 750 154 curat-ot.
835 105 868 156 19

77 231 212 283 cillimnm
226 229 326 296 gessit3
351 241 439 294 neque
449 225 513 278 loco
531 242 619 294 neque
632 234 756 296 tempore
772 245 871 300 aequo,

76 303 126 356 sed
141 303 232 354 bieme
247 302 312 352 anni
327 305 355 352 et
368 302 442 352 intra
456 301 566 352 moenia
576 303 763 368 copiosissimi
773 319 806 356 ac
816 305 871 356 sol-

75 377 221 430 lertissimi
231 375 328 438 bostis,
334 375 416 441 inops
425 375 485 442 ipse
495 389 584 425 rerum
598 377 718 428 omnium
730 377 811 446 atque
820 381 870 430 im-

8 461 9 468 ’
74 459 201 520 paratus.
216 492 220 498 .
240 450 364 516 Regnum
373 449 492 516 Aegypti
505 449 594 500 victor
606 449 769 517 Cleopatrae
779 451 870 503 fratri-⁴

76 542 130 593 que
140 526 201 576 eius
209 524 314 574 uiinori
324 523 460 590 permisit,
476 523 579 573 veritus
590 525 760 590 provinciam
770 525 870 590 iacere,
884 563 888 572 .

74 616 110 650 ne
121 597 301 666 quandoque,
316 596 508 648 violentiorem
519 597 672 663 praesidem
683 605 777 664 nacta,
786 615 870 651 nova-

74 689 138 724 rum
148 687 240 723 rerum
251 671 368 722 materia
377 676 459 722 esset.
492 671 533 722 Ab
543 671 711 727 Alexandria
720 671 749 724 in
760 673 870 740 Syriam

77 751 105 799 et
115 745 307 797 indePontum
317 743 436 808 tranrsiit,
442 745 602 811 urgentibus
614 745 647 797 de
652 745 794 798 Pharnace
804 763 870 798 nrm·

77 822 143 873 ciis:
165 817 436 886 quemsltlitbridatis
446 817 543 885 Magni
553 819 653 884 lilium,
669 835 702 872 ac
716 829 781 872 timo
791 836 871 873 occa·

77 895 158 946 sione
173 900 326 960 temporum
340 891 500 956 bellantem,
520 893 791 962 iamquemultiplici
810 911 871 947 suc·

77 984 159 1020 cessu
182 965 383 1034 praeferocem,
406 967 481 1017 intra
504 967 627 1034 quintum
651 984 733 1036 quam
754 967 873 1021 affuerat

77 1043 160 1104 dieat,
167 1045 287 1108 quatuor
302 1041 400 1108 quibus
410 1040 440 1090 iu
451 1047 625 1108 conspectum
636 1043 710 1094 venit
719 1041 804 1106 horis,
815 1057 880 1096 una.

78 1115 239 1184 profligavit
253 1115 326 1176 acie3
351 1114 446 1165 crebro
462 1129 679 1166 commemorans
693 1115 820 1182 Pompeii
833 1115 871 1166 ie-

41 1199 43 1204 ·
78 1191 225 1252 licitatem,
242 1189 288 1239 eui
297 1189 447 1255 praecipua
457 1188 574 1239 militiae
584 1188 645 1238 laus
657 1189 690 1240 de
700 1194 756 1238 tam
767 1188 873 1240 imbelli

78 1278 178 1331 genere
192 1261 313 1313 bostium
329 1262 506 1328 contigisset·
537 1260 644 1313 Dehinc
662 1261 817 1328 Scipionem
839 1277 872 1313 ao

79 1339 188 1400 iubam,
200 1337 335 1404 reliquias
343 1337 463 1401 partium
473 1336 503 1386 in
513 1334 607 1385 Africa
617 1333 782 1401 refoventes,
798 1335 871 1388 devi-

81 1413 131 1474 cit3
152 1410 279 1476 Pompeii
289 1409 391 1460 liberos
402 1410 430 1458 in
440 1409 587 1476 Hispania.

134 1483 264 1536 xxxvi
276 1483 408 1534 Omnibus
420 1484 546 1534 civilibus
556 1483 636 1535 bellis
646 1483 748 1536 nullam
756 1484 870 1548 cladem,

79 1559 135 1611 nisi
149 1574 199 1626 per
212 1558 320 1624 legatos
335 1573 413 1620 suos,
429 1573 528 1624 passus
542 1564 596 1608 estc
617 1573 731 1626 quorum
744 1560 774 1610 C.
787 1560 871 1610 Curio

78 1636 108 1685 in
118 1633 215 1684 Africa
224 1631 320 1700 periit;
341 1632 371 1681 C.
381 1632 516 1682 Antonius
530 1631 558 1681 ib
572 1631 685 1700 illyrico
700 1634 729 1684 in
745 1633 872 1685 adversa·

78 1709 186 1760 riorum
197 1706 492 1778 devenitpotestatem;
512 1705 543 1755 P.
555 1705 703 1758 Dolabella
719 1708 832 1759 classem
839 1707 872 1757 iu
963 1769 964 1772 Ἴ

80 1779 306 1847 eodemlllyrico,
318 1779 367 1830 Gn.
374 1775 513 1830 Domitius
519 1779 647 1832 Calvinus
657 1782 685 1832 in
695 1781 785 1833 Ponto
797 1795 872 1832 exer·-

80 1856 165 1908 citum
181 1855 339 1906 amiserunt.
354 1848 358 1852 ⁴
377 1853 439 1919 lpse
453 1856 637 1920 prosperrime
651 1870 770 1922 semper,
792 1870 824 1905 ac
838 1868 872 1904 ne

81 1930 199 1996 ancipiti
209 1928 319 1996 quidem
333 1941 453 1994 umquam
467 1927 592 1991 fortuna,
613 1935 805 1996 praeterquam
818 1928 871 1992 bis,

80 2003 237 2054 dimicavit:
258 2001 342 2054 semel
352 2001 388 2051 ad
400 2000 614 2067 Dyrrhachium,
630 2003 679 2052 ubi
692 2002 800 2067 pulsus,
815 2016 872 2051 non
909 2003 914 2014 ¹

79 2079 201 2129 instante
211 2075 354 2142 Pompeio,
365 2076 475 2142 negavit
485 2091 546 2127 eum
556 2077 664 2127 vincere
675 2076 757 2126 scire:
772 2069 880 2126 iterum'

80 2153 109 2202 in
119 2150 260 2217 Hispania
274 2149 371 2200 ultimo
387 2149 507 2216 proelio,
530 2165 612 2217 quum
627 2149 780 2216 desperatis
790 2150 872 2201 rebus

81 2226 165 2277 etiam
177 2223 211 2274 de
222 2223 417 2275 consciscenda
427 2239 492 2274 nece
503 2223 644 2291 cogitavit.

135 2295 280 2349 XXXVII.
300 2296 440 2348 Confectis
454 2297 547 2361 bellis,
563 2297 707 2364 quinquies
721 2295 872 2364 triumpha-

82 2373 133 2424 vit:
153 2377 220 2439 post
230 2371 365 2422 devictum
378 2369 533 2437 Scipionem
549 2377 646 2437 quater
660 2371 755 2423 eodem
771 2387 871 2434 mense,

83 2446 130 2497 sed
139 2445 293 2498 interiectis
305 2445 414 2506 diebus3
434 2450 463 2495 et
472 2459 567 2494 rursus
577 2445 672 2508 semel,
687 2453 751 2512 post
761 2459 872 2512 supera-

83 2529 126 2572 tos
140 2519 269 2586 Pompeii
283 2519 395 2576 liberos.
433 2517 554 2569 Primum
569 2527 596 2569 et
616 2519 872 2571 excellentissimum

83 2592 250 2664 triumphum
261 2593 318 2660 egit
328 2591 474 2655 Gallicum,
486 2597 641 2657 sequentem
651 2589 862 2640 Alexandrinum

624 2681 671 2724 132
