1964 2962
141 133 191 190 820
419 129 657 182 &SUETONH

141 255 377 326 nonnunquamln
391 251 505 308 themsis
519 255 589 320 suls,
611 253 732 306 admissa
745 251 839 322 plebe,
859 253 971 308 lavit
967 247 971 282 i

142 331 285 394 Quaedam
305 327 942 396 subcolortuitaactrdstiaaccideruut,11t
970 341 971 384 l

143 405 325 474 conflagratio
340 402 441 455 Vesevi
453 404 579 455 montis
569 419 600 454 ιιι
614 402 779 471 campania,
799 405 856 455 et
846 419 942 457 rucen-

143 479 219 532 dlum
232 477 337 530 Romae
349 491 400 544 per
413 477 536 530 triduum
547 477 718 546 totidemque
735 483 849 540 noctes3
874 479 942 532 item

142 552 317 624 pestilentia,
334 557 437 619 quanta
445 567 501 604 non
510 552 703 604 temerealras
740 549 885 605 lnhrstot
895 555 942 606 ad

142 628 229 680 versis
240 641 273 678 ac
282 625 398 690 talibus,
406 641 464 678 non
474 626 557 678 modo
567 627 701 693 principis
711 625 971 698 sollicitudinem,

143 702 191 754 sed
203 707 231 753 et
239 701 362 767 parentis
371 663 500 754 adfectam
509 699 621 752 unicum
630 701 778 768 praestitit,
788 689 866 752 nunc
878 717 941 756 con·

144 774 260 828 solando
271 789 321 842 per
330 774 434 838 edicta
453 789 527 825 nunc
537 774 713 841 opitulando
729 779 869 842 quatenos
879 793 971 856 sup

142 853 248 919 peteret
271 848 399 900 facultas.
444 849 592 900 Curatores
615 846 800 912 restituendae
820 849 942 919 Campa·

143 923 207 976 niae
220 937 235 974 c
249 922 434 974 consularium
448 938 560 975 numero
575 928 650 974 sorte
669 923 756 974 duxit.
793 921 880 976 Boua
895 941 971 998 op·

143 1011 301 1065 pressorum
309 995 459 1060 iuVesevo,
469 1011 586 1064 quorum
595 995 708 1048 heredes
717 1011 774 1048 nou
783 999 971 1063 exstabant,

143 1071 314 1122 restitutioni
336 1069 499 1122 afflictarum
519 1071 661 1122 civitatum
681 1070 817 1122 attribuit.
857 1073 943 1124 Urbis

143 1144 271 1196 incendio
292 1143 373 1208 nihil,
394 1143 449 1196 nisi
467 1145 535 1207 sibi,
558 1145 668 1213 publice
686 1145 792 1212 perisse
811 1150 941 1210 testatus,

145 1224 244 1271 cuncta
253 1219 456 1287 praetoriorum
469 1233 580 1270 suorum
592 1225 754 1270 ornamenta
764 1221 899 1286 operibns
909 1237 941 1272 uc

143 1292 255 1360 templis
284 1292 443 1345 destinavit:
475 1293 689 1362 praeposuitque
720 1292 878 1362 complures
908 1309 940 1347 ex

145 1366 266 1433 equestri
277 1366 381 1430 ordine,
388 1381 443 1434 quo
455 1381 579 1434 quaeque
588 1368 722 1418 maturius
732 1375 939 1436 peragerentur.

144 1439 297 1492 Medendae
319 1440 473 1494 valetudini
494 1441 681 1510 leniendisque
704 1442 809 1494 morbis
833 1440 943 1495 nullam·

145 1513 267 1565 divinem
277 1511 478 1585 humanamque
489 1531 568 1583 opem
578 1531 634 1568 non
644 1513 783 1581 adhibuit,
802 1517 938 1586 inquisito

146 1587 223 1640 omni
242 1587 440 1641 sacrificiorum
459 1590 696 1660 remediorumque
715 1605 823 1658 genere.
866 1592 941 1646 luter

146 1661 262 1714 adversa
271 1668 424 1730 temporum
434 1663 603 1716 etdelstores
613 1664 844 1734 mandaturosque
852 1673 941 1730 erant,

146 1751 181 1789 ex
194 1735 308 1788 licentio
321 1738 416 1788 veteri
454 1737 516 1788 Hos
530 1738 641 1791 assidue
654 1739 684 1790 in
698 1737 761 1792 foro
777 1739 899 1808 flagellis
910 1757 944 1793 ac

146 1810 265 1864 metibus
276 1815 385 1879 caesos,
407 1825 440 1862 ec
452 1813 601 1864 novissime
614 1812 758 1866 traductos
771 1829 822 1882 per
835 1815 943 1904 amphi-

145 1884 247 1939 theatri
257 1899 376 1950 arenam,
390 1883 512 1955 [hastae]
523 1887 943 1974 partimsubilciacveuireim

146 1961 266 2029 peravit,
276 1960 396 2026 partim
387 1975 416 2011 m
427 1962 591 2028 asperrimas
601 1961 753 2015 insularum
764 1959 854 2014 avehi
894 1963 943 2016 ιιι

147 2050 200 2104 que
211 2035 293 2086 etiam
306 2035 409 2086 similia
419 2035 583 2103 quandoque
594 2051 710 2088 ausuros
719 2042 852 2105 perpetuo
865 2042 943 2090 coer-

148 2114 233 2172 ceret,
253 2110 341 2161 vetuit
349 2111 421 2162 inter
431 2115 533 2175 cetere,
548 2109 582 2162 de
593 2108 688 2162 eadem
697 2127 727 2163 re
737 2111 863 2182 pluribus
874 2112 943 2180 legi-

146 2183 199 2236 bus
210 2183 268 2260 agi,
290 2185 417 2251 quaeriue
432 2183 465 2236 de
480 2185 639 2252 cuiusquam
655 2178 847 2237 defunctorum
857 2192 942 2250 stetu,

147 2247 221 2308 ιιιιιι
232 2264 322 2310 certos
333 2274 428 2324 anulos.

204 2330 252 2380 lx.
277 2313 469 2384 loutihcatum
492 2332 641 2383 maximum
665 2331 730 2384 ideo
750 2347 780 2384 se
799 2333 943 2401 professus

149 2400 286 2468 accipere,
307 2411 338 2455 ut
348 2420 431 2471 puras
439 2412 562 2457 servaret
570 2419 680 2471 munus,
702 2406 783 2459 iidem
793 2411 943 2473 praesum

148 2487 200 2523 nec
215 2481 312 2526 auctor
326 2477 443 2543 posthac
457 2479 617 2547 utnusquam
629 2481 718 2545 uehis,
738 2496 790 2532 neo
805 2484 942 2545 conscius,

149 2547 418 2609 quamvisinterdum
427 2550 737 2605 ulciscendicausanon
752 2554 874 2622 deesset,
896 2556 943 2608 sed
970 2561 971 2564 ’

107 2653 109 2658 .
145 2616 294 2713 periure-um
313 2633 340 2670 se
359 2623 462 2687 potius,
493 2639 571 2690 quum
590 2627 770 2692 perditurum,
801 2630 942 2684 adiurans
