<?xml version="1.0" encoding="UTF-8"?>
<!DOCTYPE html PUBLIC "-//W3C//DTD XHTML 1.0 Transitional//EN"
    "http://www.w3.org/TR/xhtml1/DTD/xhtml1-transitional.dtd">
<html xmlns="http://www.w3.org/1999/xhtml" xml:lang="en" lang="en">
 <head>
  <title>
</title>
<meta http-equiv="Content-Type" content="text/html;charset=utf-8" />
  <meta name='ocr-system' content='tesseract 3.04.00' />
  <meta name='ocr-capabilities' content='ocr_page ocr_carea ocr_par ocr_line ocrx_word'/>
</head>
<body>
  <div class='ocr_page' id='page_1' title='image "./csuetoniitranqu00weisgoog_0283.png"; bbox 0 0 1992 2962; ppageno 0'>
   <div class='ocr_carea' id='block_1_1' title="bbox 265 137 836 198">
    <p class='ocr_par' dir='ltr' id='par_1_1' title="bbox 265 137 836 198">
     <span class='ocr_line' id='line_1_1' title="bbox 265 137 836 198; baseline 0.007 -13"><span class='ocrx_word' id='word_1_1' title='bbox 265 137 397 186; x_wconf 72' lang='lat' dir='ltr'><strong>onias.</strong></span> <span class='ocrx_word' id='word_1_2' title='bbox 433 137 511 188; x_wconf 74' lang='lat' dir='ltr'><strong>CAP.</strong></span> <span class='ocrx_word' id='word_1_3' title='bbox 529 141 611 188; x_wconf 76' lang='grc'>6-9.</span> <span class='ocrx_word' id='word_1_4' title='bbox 785 143 836 198; x_wconf 68' lang='lat'><strong>269</strong></span> 
     </span>
    </p>
   </div>
   <div class='ocr_carea' id='block_1_2' title="bbox 37 260 896 1225">
    <p class='ocr_par' dir='ltr' id='par_1_2' title="bbox 38 260 837 409">
     <span class='ocr_line' id='line_1_2' title="bbox 38 260 837 338; baseline 0.005 -20"><span class='ocrx_word' id='word_1_5' title='bbox 38 263 153 326; x_wconf 84' lang='lat' dir='ltr'><strong>voluto,</strong></span> <span class='ocrx_word' id='word_1_6' title='bbox 174 260 369 330; x_wconf 86' lang='lat' dir='ltr'><strong>atquelbidem</strong></span> <span class='ocrx_word' id='word_1_7' title='bbox 379 261 514 328; x_wconf 85' lang='lat' dir='ltr'><strong>revelato,</strong></span> <span class='ocrx_word' id='word_1_8' title='bbox 535 264 689 332; x_wconf 86' lang='lat' dir='ltr'><strong>eiosesset,</strong></span> <span class='ocrx_word' id='word_1_9' title='bbox 710 266 837 338; x_wconf 81' lang='lat' dir='ltr'><strong>cdquem</strong></span> 
     </span>
     <span class='ocr_line' id='line_1_3' title="bbox 39 335 452 422; baseline -0.005 -30.923"><span class='ocrx_word' id='word_1_10' title='bbox 39 343 140 422; x_wconf 86' lang='lat' dir='ltr'><strong>sponte</strong></span> <span class='ocrx_word' id='word_1_11' title='bbox 151 352 180 396; x_wconf 86' lang='lat' dir='ltr'><strong>se</strong></span> <span class='ocrx_word' id='word_1_12' title='bbox 191 349 208 387; x_wconf 85' lang='lat' dir='ltr'><strong>a</strong></span> <span class='ocrx_word' id='word_1_13' title='bbox 217 342 287 404; x_wconf 89' lang='lat' dir='ltr'><strong>potu</strong></span> <span class='ocrx_word' id='word_1_14' title='bbox 296 335 452 404; x_wconf 76' lang='lat' dir='ltr'><strong>recepisset</strong></span> 
     </span>
    </p>

    <p class='ocr_par' dir='ltr' id='par_1_3' title="bbox 37 397 896 1225">
     <span class='ocr_line' id='line_1_4' title="bbox 97 397 836 470; baseline 0.007 -5"><span class='ocrx_word' id='word_1_15' title='bbox 97 410 172 465; x_wconf 86' lang='lat' dir='ltr'><strong>Vlll.</strong></span> <span class='ocrx_word' id='word_1_16' title='bbox 193 411 235 461; x_wconf 89' lang='lat' dir='ltr'><strong>Ob</strong></span> <span class='ocrx_word' id='word_1_17' title='bbox 249 426 294 462; x_wconf 89' lang='lat' dir='ltr'><strong>res</strong></span> <span class='ocrx_word' id='word_1_18' title='bbox 308 417 336 462; x_wconf 92' lang='lat' dir='ltr'><strong>et</strong></span> <span class='ocrx_word' id='word_1_19' title='bbox 347 415 413 462; x_wconf 89' lang='lat' dir='ltr'><strong>tunc</strong></span> <span class='ocrx_word' id='word_1_20' title='bbox 427 411 456 462; x_wconf 90' lang='lat' dir='ltr'><strong>in</strong></span> <span class='ocrx_word' id='word_1_21' title='bbox 466 410 559 464; x_wconf 75' lang='lat' dir='ltr'><strong>Africa</strong></span> <span class='ocrx_word' id='word_1_22' title='bbox 570 418 597 464; x_wconf 85' lang='lat' dir='ltr'><strong>et</strong></span> <span class='ocrx_word' id='word_1_23' title='bbox 607 397 713 469; x_wconf 75' lang='lat' dir='ltr'><strong>olienin</strong></span> <span class='ocrx_word' id='word_1_24' title='bbox 724 413 836 470; x_wconf 77' lang='lat' dir='ltr'><strong>Germe·</strong></span> 
     </span>
     <span class='ocr_line' id='line_1_5' title="bbox 37 485 893 556; baseline 0.006 -17"><span class='ocrx_word' id='word_1_25' title='bbox 37 490 89 542; x_wconf 86' lang='lat' dir='ltr'><strong>nia</strong></span> <span class='ocrx_word' id='word_1_26' title='bbox 99 491 191 554; x_wconf 83' lang='lat' dir='ltr'><strong>gestas</strong></span> <span class='ocrx_word' id='word_1_27' title='bbox 203 489 363 536; x_wconf 83' lang='lat' dir='ltr'><strong>ornamenta</strong></span> <span class='ocrx_word' id='word_1_28' title='bbox 363 485 552 554; x_wconf 81' lang='lat' dir='ltr'><strong>triumphalia</strong></span> <span class='ocrx_word' id='word_1_29' title='bbox 566 489 683 556; x_wconf 87' lang='lat' dir='ltr'><strong>accepit,</strong></span> <span class='ocrx_word' id='word_1_30' title='bbox 704 495 732 544; x_wconf 86' lang='lat' dir='ltr'><strong>ct</strong></span> <span class='ocrx_word' id='word_1_31' title='bbox 746 503 840 543; x_wconf 79' lang='lat' dir='ltr'><strong>sacer·</strong></span> <span class='ocrx_word' id='word_1_32' title='bbox 888 518 893 544; x_wconf 69' lang='grc' dir='ltr'><strong>ι</strong></span> 
     </span>
     <span class='ocr_line' id='line_1_6' title="bbox 38 559 837 632; baseline 0.006 -17"><span class='ocrx_word' id='word_1_33' title='bbox 38 562 149 622; x_wconf 87' lang='lat' dir='ltr'><strong>dotium</strong></span> <span class='ocrx_word' id='word_1_34' title='bbox 159 559 268 627; x_wconf 76' lang='lat' dir='ltr'><strong>ertplex,</strong></span> <span class='ocrx_word' id='word_1_35' title='bbox 279 559 350 611; x_wconf 88' lang='lat' dir='ltr'><strong>inter</strong></span> <span class='ocrx_word' id='word_1_36' title='bbox 360 551 604 628; x_wconf 83' lang='lat' dir='ltr'><strong>quindecimviros,</strong></span> <span class='ocrx_word' id='word_1_37' title='bbox 615 563 779 632; x_wconf 73' lang='lat' dir='ltr'>sodalesque</span> <span class='ocrx_word' id='word_1_38' title='bbox 789 565 837 620; x_wconf 89' lang='lat' dir='ltr'><strong>Ti·</strong></span> 
     </span>
     <span class='ocr_line' id='line_1_7' title="bbox 39 633 836 706; baseline 0.004 -16"><span class='ocrx_word' id='word_1_39' title='bbox 39 639 112 700; x_wconf 90' lang='lat' dir='ltr'><strong>tios,</strong></span> <span class='ocrx_word' id='word_1_40' title='bbox 131 635 197 686; x_wconf 85' lang='lat' dir='ltr'><strong>item</strong></span> <span class='ocrx_word' id='word_1_41' title='bbox 207 633 384 701; x_wconf 78' lang='lat' dir='ltr'><strong>Augustales,</strong></span> <span class='ocrx_word' id='word_1_42' title='bbox 405 640 565 702; x_wconf 84' lang='lat' dir='ltr'><strong>cooptatus·</strong></span> <span class='ocrx_word' id='word_1_43' title='bbox 585 643 668 706; x_wconf 81' lang='lat' dir='ltr'><strong>etque</strong></span> <span class='ocrx_word' id='word_1_44' title='bbox 682 652 717 690; x_wconf 88' lang='lat' dir='ltr'><strong>ex</strong></span> <span class='ocrx_word' id='word_1_45' title='bbox 726 654 760 691; x_wconf 93' lang='lat' dir='ltr'><strong>eo</strong></span> <span class='ocrx_word' id='word_1_46' title='bbox 769 645 836 692; x_wconf 88' lang='lat' dir='ltr'><strong>tem</strong></span> 
     </span>
     <span class='ocr_line' id='line_1_8' title="bbox 39 706 836 780; baseline 0.004 -17"><span class='ocrx_word' id='word_1_47' title='bbox 39 725 110 780; x_wconf 89' lang='lat' dir='ltr'><strong>pore</strong></span> <span class='ocrx_word' id='word_1_48' title='bbox 119 722 206 776; x_wconf 85' lang='lat' dir='ltr'><strong>prope</strong></span> <span class='ocrx_word' id='word_1_49' title='bbox 218 706 377 761; x_wconf 85' lang='lat' dir='ltr'><strong>edNeronis</strong></span> <span class='ocrx_word' id='word_1_50' title='bbox 386 709 505 760; x_wconf 90' lang='lat' dir='ltr'><strong>medium</strong></span> <span class='ocrx_word' id='word_1_51' title='bbox 515 711 700 778; x_wconf 83' lang='lat' dir='ltr'><strong>principatum</strong></span> <span class='ocrx_word' id='word_1_52' title='bbox 710 713 740 764; x_wconf 91' lang='lat' dir='ltr'><strong>ln</strong></span> <span class='ocrx_word' id='word_1_53' title='bbox 749 728 836 766; x_wconf 88' lang='lat' dir='ltr'><strong>seces·</strong></span> 
     </span>
     <span class='ocr_line' id='line_1_9' title="bbox 39 781 837 856; baseline 0.003 -18"><span class='ocrx_word' id='word_1_54' title='bbox 39 801 77 838; x_wconf 86' lang='grc' dir='ltr'><strong>ιιι</strong></span> <span class='ocrx_word' id='word_1_55' title='bbox 86 781 233 850; x_wconf 84' lang='lat' dir='ltr'><strong>plurimum</strong></span> <span class='ocrx_word' id='word_1_56' title='bbox 242 783 324 846; x_wconf 83' lang='lat' dir='ltr'><strong>vixit,</strong></span> <span class='ocrx_word' id='word_1_57' title='bbox 335 797 369 834; x_wconf 90' lang='lat' dir='ltr'><strong>ne</strong></span> <span class='ocrx_word' id='word_1_58' title='bbox 380 783 415 834; x_wconf 85' lang='lat' dir='ltr'><strong>ad</strong></span> <span class='ocrx_word' id='word_1_59' title='bbox 424 785 585 851; x_wconf 72' lang='lat' dir='ltr'><strong>gestantium</strong></span> <span class='ocrx_word' id='word_1_60' title='bbox 597 787 706 853; x_wconf 88' lang='lat' dir='ltr'><strong>quidem</strong></span> <span class='ocrx_word' id='word_1_61' title='bbox 715 801 837 856; x_wconf 85' lang='lat' dir='ltr'><strong>unquam</strong></span> 
     </span>
     <span class='ocr_line' id='line_1_10' title="bbox 41 855 837 931; baseline 0.005 -21"><span class='ocrx_word' id='word_1_62' title='bbox 41 857 153 929; x_wconf 86' lang='lat' dir='ltr'><strong>[aliter]</strong></span> <span class='ocrx_word' id='word_1_63' title='bbox 164 857 218 908; x_wconf 85' lang='lat' dir='ltr'><strong>iter</strong></span> <span class='ocrx_word' id='word_1_64' title='bbox 227 855 380 924; x_wconf 83' lang='lat' dir='ltr'><strong>ingressus,</strong></span> <span class='ocrx_word' id='word_1_65' title='bbox 401 873 484 924; x_wconf 89' lang='lat' dir='ltr'><strong>quam</strong></span> <span class='ocrx_word' id='word_1_66' title='bbox 493 865 525 922; x_wconf 82' lang='lat' dir='ltr'><strong>ut</strong></span> <span class='ocrx_word' id='word_1_67' title='bbox 534 875 625 912; x_wconf 75' lang='lat' dir='ltr'><strong>secerm</strong></span> <span class='ocrx_word' id='word_1_68' title='bbox 636 859 762 914; x_wconf 87' lang='lat' dir='ltr'><strong>vehiculo</strong></span> <span class='ocrx_word' id='word_1_69' title='bbox 773 877 837 931; x_wconf 82' lang='lat' dir='ltr'><strong>pro·</strong></span> 
     </span>
     <span class='ocr_line' id='line_1_11' title="bbox 38 931 896 1006; baseline 0.001 -18"><span class='ocrx_word' id='word_1_70' title='bbox 38 935 118 988; x_wconf 80' lang='lat' dir='ltr'><strong>xinro</strong></span> <span class='ocrx_word' id='word_1_71' title='bbox 130 931 220 982; x_wconf 90' lang='lat' dir='ltr'><strong>decies</strong></span> <span class='ocrx_word' id='word_1_72' title='bbox 230 931 403 983; x_wconf 75' lang='lat' dir='ltr'><strong>sestertium</strong></span> <span class='ocrx_word' id='word_1_73' title='bbox 394 947 424 983; x_wconf 86' lang='lat' dir='ltr'><strong>m</strong></span> <span class='ocrx_word' id='word_1_74' title='bbox 434 947 502 985; x_wconf 87' lang='lat' dir='ltr'><strong>auro</strong></span> <span class='ocrx_word' id='word_1_75' title='bbox 514 933 635 998; x_wconf 82' lang='lat' dir='ltr'><strong>efferret,</strong></span> <span class='ocrx_word' id='word_1_76' title='bbox 652 934 757 987; x_wconf 89' lang='lat' dir='ltr'><strong>donec</strong></span> <span class='ocrx_word' id='word_1_77' title='bbox 747 951 778 989; x_wconf 88' lang='grc' dir='ltr'><strong>ιιι</strong></span> <span class='ocrx_word' id='word_1_78' title='bbox 789 952 836 1006; x_wconf 87' lang='lat' dir='ltr'><strong>op</strong></span> <span class='ocrx_word' id='word_1_79' title='bbox 885 934 896 953; x_wconf 77' lang='lat'><em>⁶</em></span> 
     </span>
     <span class='ocr_line' id='line_1_12' title="bbox 38 1004 838 1078; baseline 0.004 -18"><span class='ocrx_word' id='word_1_80' title='bbox 38 1007 108 1078; x_wconf 88' lang='lat' dir='ltr'><strong>pido</strong></span> <span class='ocrx_word' id='word_1_81' title='bbox 118 1004 223 1057; x_wconf 83' lang='lat' dir='ltr'><strong>Fundis</strong></span> <span class='ocrx_word' id='word_1_82' title='bbox 233 1006 354 1058; x_wconf 88' lang='lat' dir='ltr'><strong>moranti</strong></span> <span class='ocrx_word' id='word_1_83' title='bbox 362 1006 501 1073; x_wconf 83' lang='lat' dir='ltr'><strong>Hispania</strong></span> <span class='ocrx_word' id='word_1_84' title='bbox 510 1008 727 1060; x_wconf 82' lang='lat' dir='ltr'><strong>Tarraconensis</strong></span> <span class='ocrx_word' id='word_1_85' title='bbox 742 1010 838 1064; x_wconf 84' lang='lat' dir='ltr'><strong>oblata</strong></span> 
     </span>
     <span class='ocr_line' id='line_1_13' title="bbox 38 1079 836 1151; baseline 0.004 -17"><span class='ocrx_word' id='word_1_86' title='bbox 38 1087 92 1138; x_wconf 87' lang='lat' dir='ltr'><strong>est.</strong></span> <span class='ocrx_word' id='word_1_87' title='bbox 130 1079 303 1146; x_wconf 77' lang='lat' dir='ltr'><strong>deciditque,</strong></span> <span class='ocrx_word' id='word_1_88' title='bbox 313 1081 452 1147; x_wconf 86' lang='lat' dir='ltr'><strong>ut,·quum</strong></span> <span class='ocrx_word' id='word_1_89' title='bbox 462 1081 633 1148; x_wconf 83' lang='lat' dir='ltr'><strong>provinciam</strong></span> <span class='ocrx_word' id='word_1_90' title='bbox 643 1083 783 1151; x_wconf 86' lang='lat' dir='ltr'><strong>ingressus</strong></span> <span class='ocrx_word' id='word_1_91' title='bbox 793 1100 836 1137; x_wconf 84' lang='lat' dir='ltr'><strong>se-</strong></span> 
     </span>
     <span class='ocr_line' id='line_1_14' title="bbox 40 1153 837 1225; baseline 0.004 -17"><span class='ocrx_word' id='word_1_92' title='bbox 40 1156 179 1222; x_wconf 79' lang='lat' dir='ltr'><strong>crificaret</strong></span> <span class='ocrx_word' id='word_1_93' title='bbox 192 1154 271 1204; x_wconf 85' lang='lat' dir='ltr'><strong>intra</strong></span> <span class='ocrx_word' id='word_1_94' title='bbox 291 1153 386 1206; x_wconf 83' lang='lat' dir='ltr'><strong>eedem</strong></span> <span class='ocrx_word' id='word_1_95' title='bbox 400 1155 552 1222; x_wconf 84' lang='lat' dir='ltr'><strong>publicem,</strong></span> <span class='ocrx_word' id='word_1_96' title='bbox 572 1171 658 1225; x_wconf 81' lang='lat' dir='ltr'><strong>puero</strong></span> <span class='ocrx_word' id='word_1_97' title='bbox 674 1159 837 1211; x_wconf 70' lang='lat' dir='ltr'><strong>emisistis</strong></span> 
     </span>
    </p>
   </div>
   <div class='ocr_carea' id='block_1_3' title="bbox 40 1227 934 1298">
    <p class='ocr_par' dir='ltr' id='par_1_4' title="bbox 40 1227 934 1298">
     <span class='ocr_line' id='line_1_15' title="bbox 40 1227 934 1298; baseline -0.001 -13"><span class='ocrx_word' id='word_1_98' title='bbox 40 1243 166 1285; x_wconf 78' lang='lat' dir='ltr'><strong>acerram</strong></span> <span class='ocrx_word' id='word_1_99' title='bbox 175 1227 279 1279; x_wconf 88' lang='lat' dir='ltr'><strong>tenenti</strong></span> <span class='ocrx_word' id='word_1_100' title='bbox 289 1228 406 1295; x_wconf 82' lang='lat' dir='ltr'><strong>capillus</strong></span> <span class='ocrx_word' id='word_1_101' title='bbox 416 1236 527 1297; x_wconf 86' lang='lat' dir='ltr'><strong>repente</strong></span> <span class='ocrx_word' id='word_1_102' title='bbox 537 1236 598 1282; x_wconf 93' lang='lat' dir='ltr'><strong>toto</strong></span> <span class='ocrx_word' id='word_1_103' title='bbox 610 1231 700 1298; x_wconf 86' lang='lat' dir='ltr'><strong>capite</strong></span> <span class='ocrx_word' id='word_1_104' title='bbox 711 1247 836 1286; x_wconf 82' lang='lat' dir='ltr'><strong>canesce-</strong></span> <span class='ocrx_word' id='word_1_105' title='bbox 930 1258 934 1268; x_wconf 93' lang='lat'>·</span> 
     </span>
    </p>
   </div>
   <div class='ocr_carea' id='block_1_4' title="bbox 12 1301 905 2645">
    <p class='ocr_par' dir='ltr' id='par_1_5' title="bbox 40 1301 905 1674">
     <span class='ocr_line' id='line_1_16' title="bbox 40 1301 838 1373; baseline 0 -14"><span class='ocrx_word' id='word_1_106' title='bbox 40 1311 94 1360; x_wconf 88' lang='lat' dir='ltr'><strong>ret.</strong></span> <span class='ocrx_word' id='word_1_107' title='bbox 132 1301 191 1356; x_wconf 89' lang='lat' dir='ltr'><strong>Nec</strong></span> <span class='ocrx_word' id='word_1_108' title='bbox 201 1301 353 1366; x_wconf 85' lang='lat' dir='ltr'><strong>defuerunt,</strong></span> <span class='ocrx_word' id='word_1_109' title='bbox 364 1303 413 1370; x_wconf 90' lang='lat' dir='ltr'><strong>qui</strong></span> <span class='ocrx_word' id='word_1_110' title='bbox 421 1303 674 1372; x_wconf 82' lang='lat' dir='ltr'><strong>interpretarentrn,</strong></span> <span class='ocrx_word' id='word_1_111' title='bbox 685 1307 838 1373; x_wconf 73' lang='lat' dir='ltr'><strong>significari</strong></span> 
     </span>
     <span class='ocr_line' id='line_1_17' title="bbox 41 1377 905 1447; baseline 0.006 -17"><span class='ocrx_word' id='word_1_112' title='bbox 41 1393 135 1435; x_wconf 86' lang='lat' dir='ltr'><strong>rerum</strong></span> <span class='ocrx_word' id='word_1_113' title='bbox 153 1377 346 1440; x_wconf 85' lang='lat' dir='ltr'><strong>mutationem,</strong></span> <span class='ocrx_word' id='word_1_114' title='bbox 367 1389 609 1445; x_wconf 82' lang='lat' dir='ltr'><strong>successurumque</strong></span> <span class='ocrx_word' id='word_1_115' title='bbox 627 1380 721 1434; x_wconf 87' lang='lat' dir='ltr'><strong>iuveni</strong></span> <span class='ocrx_word' id='word_1_116' title='bbox 736 1396 836 1447; x_wconf 87' lang='lat' dir='ltr'><strong>senem,</strong></span> <span class='ocrx_word' id='word_1_117' title='bbox 901 1400 905 1406; x_wconf 88' lang='lat'><em>·</em></span> 
     </span>
     <span class='ocr_line' id='line_1_18' title="bbox 41 1450 836 1524; baseline 0.003 -16"><span class='ocrx_word' id='word_1_118' title='bbox 41 1457 98 1508; x_wconf 92' lang='lat' dir='ltr'><strong>hoc</strong></span> <span class='ocrx_word' id='word_1_119' title='bbox 112 1457 165 1517; x_wconf 88' lang='lat' dir='ltr'><strong>est,</strong></span> <span class='ocrx_word' id='word_1_120' title='bbox 185 1453 276 1520; x_wconf 86' lang='lat' dir='ltr'><strong>ipsum</strong></span> <span class='ocrx_word' id='word_1_121' title='bbox 290 1450 404 1502; x_wconf 86' lang='lat' dir='ltr'><strong>Neroni.</strong></span> <span class='ocrx_word' id='word_1_122' title='bbox 441 1451 500 1504; x_wconf 89' lang='lat' dir='ltr'><strong>Nec</strong></span> <span class='ocrx_word' id='word_1_123' title='bbox 518 1453 606 1505; x_wconf 91' lang='lat' dir='ltr'><strong>multo</strong></span> <span class='ocrx_word' id='word_1_124' title='bbox 620 1461 685 1524; x_wconf 83' lang='lat' dir='ltr'><strong>post</strong></span> <span class='ocrx_word' id='word_1_125' title='bbox 697 1455 727 1508; x_wconf 87' lang='lat' dir='ltr'><strong>iu</strong></span> <span class='ocrx_word' id='word_1_126' title='bbox 737 1456 836 1509; x_wconf 84' lang='lat' dir='ltr'><strong>Canta·</strong></span> 
     </span>
     <span class='ocr_line' id='line_1_19' title="bbox 41 1523 837 1595; baseline 0.004 -14"><span class='ocrx_word' id='word_1_127' title='bbox 41 1531 122 1584; x_wconf 82' lang='lat' dir='ltr'><strong>briae</strong></span> <span class='ocrx_word' id='word_1_128' title='bbox 132 1527 220 1579; x_wconf 85' lang='lat' dir='ltr'><strong>lacum</strong></span> <span class='ocrx_word' id='word_1_129' title='bbox 231 1525 334 1578; x_wconf 82' lang='lat' dir='ltr'><strong>fulmen</strong></span> <span class='ocrx_word' id='word_1_130' title='bbox 345 1523 460 1593; x_wconf 81' lang='lat' dir='ltr'><strong>decidit,</strong></span> <span class='ocrx_word' id='word_1_131' title='bbox 471 1533 650 1595; x_wconf 87' lang='lat' dir='ltr'><strong>repertaeque</strong></span> <span class='ocrx_word' id='word_1_132' title='bbox 660 1537 725 1582; x_wconf 85' lang='lat' dir='ltr'><strong>suut</strong></span> <span class='ocrx_word' id='word_1_133' title='bbox 734 1529 837 1584; x_wconf 87' lang='lat' dir='ltr'><strong>dnode-</strong></span> 
     </span>
     <span class='ocr_line' id='line_1_20' title="bbox 42 1599 836 1674; baseline 0 -17"><span class='ocrx_word' id='word_1_134' title='bbox 42 1607 98 1659; x_wconf 87' lang='lat' dir='ltr'><strong>cim</strong></span> <span class='ocrx_word' id='word_1_135' title='bbox 108 1617 228 1666; x_wconf 85' lang='lat' dir='ltr'><strong>secures,</strong></span> <span class='ocrx_word' id='word_1_136' title='bbox 239 1599 313 1654; x_wconf 84' lang='lat' dir='ltr'><strong>haud</strong></span> <span class='ocrx_word' id='word_1_137' title='bbox 324 1601 481 1668; x_wconf 79' lang='lat' dir='ltr'><strong>ambiguum</strong></span> <span class='ocrx_word' id='word_1_138' title='bbox 492 1603 591 1654; x_wconf 86' lang='lat' dir='ltr'><strong>summi</strong></span> <span class='ocrx_word' id='word_1_139' title='bbox 599 1603 711 1672; x_wconf 87' lang='lat' dir='ltr'><strong>imperii</strong></span> <span class='ocrx_word' id='word_1_140' title='bbox 720 1605 836 1674; x_wconf 80' lang='lat' dir='ltr'><strong>signum.</strong></span> 
     </span>
    </p>

    <p class='ocr_par' dir='ltr' id='par_1_6' title="bbox 12 1675 838 2645">
     <span class='ocr_line' id='line_1_21' title="bbox 98 1675 837 1749; baseline 0.007 -20"><span class='ocrx_word' id='word_1_141' title='bbox 98 1677 146 1729; x_wconf 84' lang='lat' dir='ltr'><strong>lX.</strong></span> <span class='ocrx_word' id='word_1_142' title='bbox 166 1675 220 1728; x_wconf 89' lang='lat' dir='ltr'><strong>Per</strong></span> <span class='ocrx_word' id='word_1_143' title='bbox 230 1683 293 1730; x_wconf 90' lang='lat' dir='ltr'><strong>octo</strong></span> <span class='ocrx_word' id='word_1_144' title='bbox 305 1691 393 1728; x_wconf 87' lang='lat' dir='ltr'><strong>annos</strong></span> <span class='ocrx_word' id='word_1_145' title='bbox 402 1677 481 1730; x_wconf 83' lang='lat' dir='ltr'><strong>varie</strong></span> <span class='ocrx_word' id='word_1_146' title='bbox 492 1682 521 1729; x_wconf 93' lang='lat' dir='ltr'><strong>et</strong></span> <span class='ocrx_word' id='word_1_147' title='bbox 534 1677 719 1747; x_wconf 84' lang='lat' dir='ltr'><strong>inaequaliter</strong></span> <span class='ocrx_word' id='word_1_148' title='bbox 727 1681 837 1749; x_wconf 87' lang='lat' dir='ltr'><strong>provin·</strong></span> 
     </span>
     <span class='ocr_line' id='line_1_22' title="bbox 40 1749 838 1822; baseline -0.003 -14"><span class='ocrx_word' id='word_1_149' title='bbox 40 1756 116 1808; x_wconf 69' lang='lat' dir='ltr'><strong>dam</strong></span> <span class='ocrx_word' id='word_1_150' title='bbox 125 1752 206 1804; x_wconf 83' lang='lat' dir='ltr'><strong>rexit.</strong></span> <span class='ocrx_word' id='word_1_151' title='bbox 244 1749 337 1803; x_wconf 87' lang='lat' dir='ltr'><strong>Primo</strong></span> <span class='ocrx_word' id='word_1_152' title='bbox 349 1766 419 1816; x_wconf 88' lang='lat' dir='ltr'><strong>acer,</strong></span> <span class='ocrx_word' id='word_1_153' title='bbox 431 1757 459 1802; x_wconf 87' lang='lat' dir='ltr'><strong>et</strong></span> <span class='ocrx_word' id='word_1_154' title='bbox 467 1749 611 1805; x_wconf 87' lang='lat' dir='ltr'><strong>vehemens</strong></span> <span class='ocrx_word' id='word_1_155' title='bbox 616 1761 664 1822; x_wconf 72' lang='lat' dir='ltr'><strong>„et</strong></span> <span class='ocrx_word' id='word_1_156' title='bbox 672 1755 701 1805; x_wconf 87' lang='lat' dir='ltr'><strong>iu</strong></span> <span class='ocrx_word' id='word_1_157' title='bbox 711 1757 838 1808; x_wconf 66' lang='lat' dir='ltr'><strong>coercen-</strong></span> 
     </span>
     <span class='ocr_line' id='line_1_23' title="bbox 41 1824 837 1895; baseline -0.003 -13"><span class='ocrx_word' id='word_1_158' title='bbox 41 1831 87 1882; x_wconf 87' lang='lat' dir='ltr'><strong>dis</strong></span> <span class='ocrx_word' id='word_1_159' title='bbox 98 1827 207 1895; x_wconf 89' lang='lat' dir='ltr'><strong>quidem</strong></span> <span class='ocrx_word' id='word_1_160' title='bbox 218 1824 326 1878; x_wconf 84' lang='lat' dir='ltr'><strong>delictis</strong></span> <span class='ocrx_word' id='word_1_161' title='bbox 336 1827 381 1878; x_wconf 87' lang='lat' dir='ltr'><strong>vel</strong></span> <span class='ocrx_word' id='word_1_162' title='bbox 389 1827 563 1878; x_wconf 88' lang='lat' dir='ltr'><strong>immodicus.</strong></span> <span class='ocrx_word' id='word_1_163' title='bbox 596 1827 668 1880; x_wconf 86' lang='lat' dir='ltr'><strong>Nem</strong></span> <span class='ocrx_word' id='word_1_164' title='bbox 678 1835 706 1880; x_wconf 87' lang='lat' dir='ltr'><strong>ct</strong></span> <span class='ocrx_word' id='word_1_165' title='bbox 714 1844 837 1880; x_wconf 81' lang='lat' dir='ltr'><strong>nummu-</strong></span> 
     </span>
     <span class='ocr_line' id='line_1_24' title="bbox 39 1900 838 1970; baseline -0.001 -15"><span class='ocrx_word' id='word_1_166' title='bbox 39 1903 129 1966; x_wconf 85' lang='lat' dir='ltr'><strong>lario,</strong></span> <span class='ocrx_word' id='word_1_167' title='bbox 143 1916 199 1952; x_wconf 88' lang='lat' dir='ltr'><strong>non</strong></span> <span class='ocrx_word' id='word_1_168' title='bbox 209 1915 244 1953; x_wconf 83' lang='lat' dir='ltr'><strong>ex</strong></span> <span class='ocrx_word' id='word_1_169' title='bbox 253 1900 307 1953; x_wconf 84' lang='lat' dir='ltr'><strong>lide</strong></span> <span class='ocrx_word' id='word_1_170' title='bbox 315 1902 438 1954; x_wconf 81' lang='lat' dir='ltr'><strong>versanti</strong></span> <span class='ocrx_word' id='word_1_171' title='bbox 447 1901 592 1970; x_wconf 86' lang='lat' dir='ltr'><strong>pecunias,</strong></span> <span class='ocrx_word' id='word_1_172' title='bbox 605 1917 703 1954; x_wconf 82' lang='lat' dir='ltr'><strong>menna</strong></span> <span class='ocrx_word' id='word_1_173' title='bbox 714 1908 838 1970; x_wconf 73' lang='lat' dir='ltr'><strong>amputa·</strong></span> 
     </span>
     <span class='ocr_line' id='line_1_25' title="bbox 39 1975 837 2044; baseline -0.004 -13"><span class='ocrx_word' id='word_1_174' title='bbox 39 1979 95 2042; x_wconf 83' lang='lat' dir='ltr'><strong>vit,</strong></span> <span class='ocrx_word' id='word_1_175' title='bbox 115 1989 279 2042; x_wconf 83' lang='lat' dir='ltr'><strong>mensaeque</strong></span> <span class='ocrx_word' id='word_1_176' title='bbox 289 1975 349 2028; x_wconf 82' lang='lat' dir='ltr'><strong>eius</strong></span> <span class='ocrx_word' id='word_1_177' title='bbox 359 1976 459 2038; x_wconf 81' lang='lat' dir='ltr'><strong>affixit3</strong></span> <span class='ocrx_word' id='word_1_178' title='bbox 479 1982 507 2027; x_wconf 85' lang='lat' dir='ltr'><strong>et</strong></span> <span class='ocrx_word' id='word_1_179' title='bbox 515 1981 648 2040; x_wconf 90' lang='lat' dir='ltr'><strong>tutorem,</strong></span> <span class='ocrx_word' id='word_1_180' title='bbox 664 1975 738 2044; x_wconf 87' lang='lat' dir='ltr'><strong>quod</strong></span> <span class='ocrx_word' id='word_1_181' title='bbox 748 1976 837 2044; x_wconf 86' lang='lat' dir='ltr'><strong>pupil-</strong></span> 
     </span>
     <span class='ocr_line' id='line_1_26' title="bbox 39 2047 837 2115; baseline -0.004 -10"><span class='ocrx_word' id='word_1_182' title='bbox 39 2055 111 2115; x_wconf 89' lang='lat' dir='ltr'><strong>lum,</strong></span> <span class='ocrx_word' id='word_1_183' title='bbox 137 2049 182 2102; x_wconf 91' lang='lat' dir='ltr'><strong>cui</strong></span> <span class='ocrx_word' id='word_1_184' title='bbox 193 2049 366 2114; x_wconf 77' lang='lat' dir='ltr'><strong>¹sulutitutus</strong></span> <span class='ocrx_word' id='word_1_185' title='bbox 385 2047 464 2100; x_wconf 86' lang='lat' dir='ltr'><strong>heres</strong></span> <span class='ocrx_word' id='word_1_186' title='bbox 483 2056 556 2114; x_wconf 85' lang='lat' dir='ltr'><strong>erat,</strong></span> <span class='ocrx_word' id='word_1_187' title='bbox 579 2064 683 2102; x_wconf 85' lang='lat' dir='ltr'><strong>veneno</strong></span> <span class='ocrx_word' id='word_1_188' title='bbox 703 2057 837 2114; x_wconf 80' lang='lat' dir='ltr'><strong>necasset,</strong></span> 
     </span>
     <span class='ocr_line' id='line_1_27' title="bbox 39 2107 838 2190; baseline -0.004 -11"><span class='ocrx_word' id='word_1_189' title='bbox 39 2141 123 2182; x_wconf 88' lang='lat' dir='ltr'><strong>cruce</strong></span> <span class='ocrx_word' id='word_1_190' title='bbox 137 2123 243 2186; x_wconf 77' lang='lat' dir='ltr'><strong>effecst,</strong></span> <span class='ocrx_word' id='word_1_191' title='bbox 263 2107 477 2190; x_wconf 75' lang='lat' dir='ltr'><strong>implorantique</strong></span> <span class='ocrx_word' id='word_1_192' title='bbox 492 2124 578 2190; x_wconf 85' lang='lat' dir='ltr'><strong>leges,</strong></span> <span class='ocrx_word' id='word_1_193' title='bbox 599 2130 627 2175; x_wconf 89' lang='lat' dir='ltr'><strong>et</strong></span> <span class='ocrx_word' id='word_1_194' title='bbox 642 2124 728 2175; x_wconf 86' lang='lat' dir='ltr'><strong>civem</strong></span> <span class='ocrx_word' id='word_1_195' title='bbox 736 2123 838 2176; x_wconf 83' lang='lat' dir='ltr'><strong>Rome·</strong></span> 
     </span>
     <span class='ocr_line' id='line_1_28' title="bbox 37 2196 837 2268; baseline -0.004 -13"><span class='ocrx_word' id='word_1_196' title='bbox 37 2216 106 2255; x_wconf 89' lang='lat' dir='ltr'><strong>num</strong></span> <span class='ocrx_word' id='word_1_197' title='bbox 126 2215 156 2250; x_wconf 85' lang='lat' dir='ltr'><strong>se</strong></span> <span class='ocrx_word' id='word_1_198' title='bbox 175 2197 348 2261; x_wconf 75' lang='lat' dir='ltr'><strong>testificanti,</strong></span> <span class='ocrx_word' id='word_1_199' title='bbox 369 2198 450 2264; x_wconf 82' lang='lat' dir='ltr'><strong>quasi</strong></span> <span class='ocrx_word' id='word_1_200' title='bbox 463 2197 566 2250; x_wconf 85' lang='lat' dir='ltr'><strong>solatio</strong></span> <span class='ocrx_word' id='word_1_201' title='bbox 581 2196 726 2250; x_wconf 87' lang='lat' dir='ltr'><strong>ethonore</strong></span> <span class='ocrx_word' id='word_1_202' title='bbox 742 2199 837 2268; x_wconf 79' lang='lat' dir='ltr'><strong>aliquo</strong></span> 
     </span>
     <span class='ocr_line' id='line_1_29' title="bbox 36 2263 838 2362; baseline 0 -36"><span class='ocrx_word' id='word_1_203' title='bbox 36 2286 158 2362; x_wconf 83' lang='lat' dir='ltr'><strong>poenum</strong></span> <span class='ocrx_word' id='word_1_204' title='bbox 170 2263 321 2333; x_wconf 83' lang='lat' dir='ltr'><strong>levaturus,</strong></span> <span class='ocrx_word' id='word_1_205' title='bbox 341 2271 443 2322; x_wconf 85' lang='lat' dir='ltr'><strong>mutari</strong></span> <span class='ocrx_word' id='word_1_206' title='bbox 457 2271 599 2340; x_wconf 84' lang='lat' dir='ltr'><strong>multoque</strong></span> <span class='ocrx_word' id='word_1_207' title='bbox 613 2277 722 2339; x_wconf 78' lang='lat' dir='ltr'><strong>praeter</strong></span> <span class='ocrx_word' id='word_1_208' title='bbox 733 2278 838 2326; x_wconf 87' lang='lat' dir='ltr'><strong>ceteras</strong></span> 
     </span>
     <span class='ocr_line' id='line_1_30' title="bbox 38 2342 838 2403; baseline 0 -1"><span class='ocrx_word' id='word_1_209' title='bbox 38 2347 170 2403; x_wconf 83' lang='lat' dir='ltr'><strong>altiorem</strong></span> <span class='ocrx_word' id='word_1_210' title='bbox 181 2349 208 2396; x_wconf 89' lang='lat' dir='ltr'><strong>et</strong></span> <span class='ocrx_word' id='word_1_211' title='bbox 218 2342 374 2395; x_wconf 82' lang='lat' dir='ltr'><strong>dealbatam</strong></span> <span class='ocrx_word' id='word_1_212' title='bbox 385 2345 471 2396; x_wconf 86' lang='lat' dir='ltr'><strong>statui</strong></span> <span class='ocrx_word' id='word_1_213' title='bbox 482 2345 838 2402; x_wconf 63' lang='lat' dir='ltr'><strong>meminissemus</strong></span> 
     </span>
     <span class='ocr_line' id='line_1_31' title="bbox 36 2399 838 2492; baseline -0.004 -14"><span class='ocrx_word' id='word_1_214' title='bbox 36 2427 91 2478; x_wconf 85' lang='lat' dir='ltr'><strong>tim</strong></span> <span class='ocrx_word' id='word_1_215' title='bbox 101 2421 132 2474; x_wconf 91' lang='lat' dir='ltr'><strong>in</strong></span> <span class='ocrx_word' id='word_1_216' title='bbox 141 2399 282 2474; x_wconf 85' lang='lat' dir='ltr'><strong>desidiam</strong></span> <span class='ocrx_word' id='word_1_217' title='bbox 287 2419 485 2488; x_wconf 76' lang='lat' dir='ltr'><strong>segnitiemque</strong></span> <span class='ocrx_word' id='word_1_218' title='bbox 496 2435 643 2474; x_wconf 82' lang='lat' dir='ltr'><strong>conversus</strong></span> <span class='ocrx_word' id='word_1_219' title='bbox 656 2427 711 2490; x_wconf 86' lang='lat' dir='ltr'><strong>est,</strong></span> <span class='ocrx_word' id='word_1_220' title='bbox 725 2424 838 2492; x_wconf 87' lang='lat' dir='ltr'><strong>nequid</strong></span> 
     </span>
     <span class='ocr_line' id='line_1_32' title="bbox 12 2493 837 2574; baseline -0.001 -21"><span class='ocrx_word' id='word_1_221' title='bbox 12 2551 14 2574; x_wconf 37' lang='grc' dir='ltr'>ᾖ</span> <span class='ocrx_word' id='word_1_222' title='bbox 37 2497 174 2553; x_wconf 82' lang='lat' dir='ltr'><strong>materiae</strong></span> <span class='ocrx_word' id='word_1_223' title='bbox 193 2495 337 2564; x_wconf 86' lang='lat' dir='ltr'><strong>praeberet</strong></span> <span class='ocrx_word' id='word_1_224' title='bbox 355 2493 473 2560; x_wconf 85' lang='lat' dir='ltr'><strong>Neron1,</strong></span> <span class='ocrx_word' id='word_1_225' title='bbox 494 2501 533 2561; x_wconf 85' lang='lat' dir='ltr'><strong>et,</strong></span> <span class='ocrx_word' id='word_1_226' title='bbox 557 2502 589 2550; x_wconf 88' lang='lat' dir='ltr'><strong>ut</strong></span> <span class='ocrx_word' id='word_1_227' title='bbox 609 2495 700 2551; x_wconf 86' lang='lat' dir='ltr'><strong>dicere</strong></span> <span class='ocrx_word' id='word_1_228' title='bbox 719 2498 837 2564; x_wconf 85' lang='lat' dir='ltr'><strong>solebat,</strong></span> 
     </span>
     <span class='ocr_line' id='line_1_33' title="bbox 12 2569 837 2645; baseline 0.004 -21"><span class='ocrx_word' id='word_1_229' title='bbox 12 2583 14 2616; x_wconf 64' lang='grc' dir='ltr'>ἰ</span> <span class='ocrx_word' id='word_1_230' title='bbox 39 2573 112 2642; x_wconf 82' lang='lat' dir='ltr'><strong>qaod</strong></span> <span class='ocrx_word' id='word_1_231' title='bbox 121 2588 195 2625; x_wconf 81' lang='lat' dir='ltr'><strong>nemo</strong></span> <span class='ocrx_word' id='word_1_232' title='bbox 206 2569 336 2624; x_wconf 63' lang='lat' dir='ltr'><strong>rohonem</strong></span> <span class='ocrx_word' id='word_1_233' title='bbox 351 2569 401 2625; x_wconf 77' lang='lat' dir='ltr'><strong>ote&#39;e‘</strong></span> <span class='ocrx_word' id='word_1_234' title='bbox 413 2587 454 2622; x_wconf 81' lang='grc' dir='ltr'>ιιιι</span> <span class='ocrx_word' id='word_1_235' title='bbox 450 2569 574 2626; x_wconf 81' lang='lat' dir='ltr'><strong>&#39;reddere</strong></span> <span class='ocrx_word' id='word_1_236' title='bbox 584 2581 731 2645; x_wconf 83' lang='lat' dir='ltr'><strong>cogeretur.</strong></span> <span class='ocrx_word' id='word_1_237' title='bbox 771 2575 837 2626; x_wconf 80' lang='lat' dir='ltr'><strong>Cer·</strong></span> 
     </span>
    </p>
   </div>
   <div class='ocr_carea' id='block_1_5' title="bbox 37 2646 838 2758">
    <p class='ocr_par' dir='ltr' id='par_1_7' title="bbox 37 2646 838 2758">
     <span class='ocr_line' id='line_1_34' title="bbox 37 2646 838 2758; baseline 0.002 -58"><span class='ocrx_word' id='word_1_238' title='bbox 37 2646 155 2718; x_wconf 69' lang='lat' dir='ltr'><strong>chaque</strong></span> <span class='ocrx_word' id='word_1_239' title='bbox 168 2663 242 2708; x_wconf 85' lang='lat' dir='ltr'><strong>nova</strong></span> <span class='ocrx_word' id='word_1_240' title='bbox 256 2654 419 2706; x_wconf 85' lang='lat' dir='ltr'><strong>conventum</strong></span> <span class='ocrx_word' id='word_1_241' title='bbox 437 2662 536 2717; x_wconf 74' lang='lat' dir='ltr'><strong>egens,</strong></span> <span class='ocrx_word' id='word_1_242' title='bbox 550 2650 715 2704; x_wconf 78' lang='lat' dir='ltr'><strong>tumnlmarl</strong></span> <span class='ocrx_word' id='word_1_243' title='bbox 729 2649 838 2758; x_wconf 56' lang='lat' dir='ltr'><strong>Gallice</strong></span> 
     </span>
    </p>
   </div>
   <div class='ocr_carea' id='block_1_6' title="bbox 0 0 1004 2962">
    <p class='ocr_par' dir='ltr' id='par_1_8' title="bbox 0 0 1004 2962">
     <span class='ocr_line' id='line_1_35' title="bbox 0 0 1004 2962; baseline 0 0"><span class='ocrx_word' id='word_1_244' title='bbox 0 0 1004 2962; x_wconf 95' lang='lat' dir='ltr'><strong> </strong></span> 
     </span>
    </p>
   </div>
  </div>
 </body>
</html>
