1986 2960
104 92 126 152 j
201 158 204 163 Ι
255 66 478 140 cumeurn}
512 92 589 139 our.
607 93 721 144 18-22.
842 95 892 148 too

100 230 154 272 eos
168 219 271 278 numm,
289 215 340 284 qui
358 215 475 266 merisne
493 214 708 281 displicuissent,
729 217 893 284 scriptssus

100 288 222 358 spongia
231 288 358 356 linguave
368 289 459 341 delere
469 289 570 353 iussos,
579 289 634 338 nisi
643 287 739 342 ferulis
751 291 893 360 obiurgari

100 368 153 416 eut
162 362 272 414 flumine
282 363 408 430 proximo
419 364 505 430 mergi
515 362 683 414 maluissent.
842 371 845 378 '

156 435 231 488 XXI.
251 436 342 504 Opera
352 437 402 486 sub
413 436 527 488 Tiberio
538 434 740 504 semiperfecta,
759 435 890 504 templum

94 507 414 576 Augustithectrumque
423 509 561 576 Pompeii,
583 508 709 563 obsolvit,
747 509 890 563 lncboavit
931 527 934 535 ·

95 589 192 636 eutem
202 584 401 656 aqueeductrmr
416 585 527 650 regione
538 584 659 648 Tiburti,
679 589 707 636 et
720 581 888 651 amphithea-

95 663 171 709 trum
182 657 259 708 iuxtu
269 657 366 723 Septem
386 673 501 725 qnorum
512 673 624 724 operum
636 672 653 707 a
662 672 818 709 successore
829 657 888 709 eius

97 730 217 782 Claudio
234 731 354 782 'eltemmu
373 737 526 798 peractum,
553 731 681 782 omissum
703 731 817 783 alterum
837 737 886 783 est.

95 803 246 871 Syracusis
257 803 380 871 collapsa
389 811 523 857 vetustate
538 805 648 859 moenio
661 805 827 874 deorumque
843 820 886 857 ae·

95 878 148 930 (les
161 875 288 928 reiectae.
326 877 520 934 Destincverot
539 884 567 930 ct
581 878 658 930 Sami
670 878 828 945 Polycratis
841 894 888 930 -re-

95 951 172 1018 giam
181 951 335 1016 restituere,
351 952 442 1004 Mileti
451 952 616 1018 Didymeum
626 967 768 1020 peragere,
782 952 812 1003 in
821 953 888 1020 iugo

95 1025 209 1091 Alpium
218 1023 313 1076 urbem
325 1025 454 1090 condere,
475 1026 523 1077 sed
538 1032 601 1078 ante
617 1027 709 1077 omnia
719 1024 849 1076 Isthmum
859 1027 889 1076 in

95 1097 204 1152 Achaia
218 1097 376 1164 perfodere3
397 1100 562 1168 miseretque
576 1099 633 1150 iam
648 1099 683 1151 ad
694 1098 888 1156 dimetiendum

97 1171 169 1240 opus
179 1172 376 1238 primipilarem
387 1173 502 1224 Gaium.-

153 1243 240 1296 xxu.
261 1245 401 1298 Hactenus
412 1247 494 1314 qussi
503 1245 536 1298 dc
546 1247 681 1313 principe;
696 1245 802 1312 reliqua
812 1250 843 1296 ut
853 1245 886 1296 dc

94 1324 221 1372 monstro
236 1319 375 1371 narrsmdc
395 1325 466 1370 sunt.
502 1320 697 1387 'Compluribus
718 1319 886 1384 cognomini-

93 1394 150 1447 bus
160 1393 319 1460 assumptis,
341 1395 416 1456 (oom
426 1397 454 1444 et
464 1391 541 1456 Pius,
558 1401 586 1444 ct
596 1392 748 1444 Castrorum
754 1390 843 1460 filim,
860 1399 888 1445 et

95 1466 182 1518 Pater
191 1465 365 1527 exercituum,
381 1471 410 1517 et
420 1463 541 1532 Optimus
552 1464 685 1518 Mariccus
697 1465 795 1517 Caesar
803 1481 885 1516 voce-

94 1537 295 1606 pampinum
306 1539 415 1592 audiret
424 1539 496 1593 forte
505 1556 597 1608 reges,
608 1541 657 1608 qui
667 1541 752 1592 officii
762 1555 846 1590 carisa
855 1541 886 1594 iu

95 1613 198 1664 Urbem
208 1612 385 1678 advenerunt,
406 1621 592 1666 concertantes
607 1614 681 1682 apud
694 1629 722 1666 se
733 1629 816 1680 super
825 1629 886 1666 coe-

93 1703 160 1740 nam
170 1687 204 1738 dc
213 1687 358 1740 nobilitate
366 1689 488 1756 generis,
508 1688 682 1742 exclamavit:
708 1678 753 1744 Εἷς
768 1684 886 1755 κοίρανος

95 1760 168 1818 ἔστω,
180 1751 351 1824 εἷςβασιλεύς·
389 1763 447 1814 Nec
460 1764 574 1814 multum
585 1761 689 1824 abfuit,
712 1762 776 1828 quin
792 1761 885 1812 statim

94 1833 225 1888 diademo
243 1841 373 1900 sumeret,
393 1833 565 1904 speciemque
578 1836 747 1905 principatus
764 1834 795 1886 in
807 1834 886 1900 regni

91 1909 213 1962 lernam
223 1915 401 1962 converteret
438 1910 540 1961 Verum
555 1908 723 1972 admonitus,
744 1912 771 1958 et
785 1905 885 1973 princi-

91 1998 159 2052 pum
170 1988 299 2051 etregum
309 1999 338 2036 se
348 1985 496 2036 excessisse
505 1983 660 2050 festigium,
676 1981 796 2033 divinem
807 1995 841 2030 ex
851 1996 884 2032 eo
945 1991 947 1999 ’
962 2027 966 2036 ,

90 2057 265 2116 maiestatem
276 2073 397 2115 asserere
412 2059 467 2110 sibi
481 2058 580 2125 coepit.
618 2056 747 2124 Dotoque
760 2054 885 2120 negotio,

89 2137 123 2182 ut
137 2131 285 2184 simulacra
299 2132 453 2195 numinum,
473 2131 607 2198 religione
621 2135 648 2180 et
663 2134 722 2179 arte
731 2126 883 2195 praeclara,

89 2205 163 2256 inter
178 2219 248 2271 quae
263 2204 387 2272 Olympii
395 2204 481 2269 lovis,
503 2207 713 2272 apportarentur
726 2215 740 2252 c
756 2198 883 2266 Graecia,
900 2241 904 2249 .

91 2278 192 2347 quibus
203 2278 293 2345 capite
303 2277 412 2344 dempto
424 2295 502 2330 suum
512 2279 706 2345 imponeretur,
716 2280 822 2342 partem
830 2274 884 2328 Pa·

89 2352 155 2404 latii
164 2351 200 2404 ed
209 2351 400 2420 iorumusquc
413 2345 563 2418 promovit,
584 2357 666 2418 etque
680 2348 748 2401 esde
759 2349 883 2422 Castoris

89 2431 119 2480 et
134 2425 257 2477 Pollucis
276 2426 306 2475 in
324 2425 487 2476 vestibulum
501 2425 710 2492 transfigurato,
731 2424 883 2475 consistens

90 2513 174 2566 turpe
184 2499 256 2551 inter
264 2498 363 2551 fratres
373 2499 440 2550 deos
450 2499 555 2553 medius
566 2497 737 2552 adorandum
747 2512 776 2548 se
783 2496 881 2548 adeun-

88 2573 165 2628 tibus
175 2572 322 2631 extuberat
326 2588 335 2638 ;
345 2577 373 2626 et
382 2573 494 2641 quidum
504 2588 565 2626 eum
574 2571 713 2627 Latiarem
722 2567 808 2624 locem
819 2583 882 2622 con·
