1992 2962
196 726 815 791 asulii'ollllrlaaltembar
880 763 885 768 ·
980 737 981 740 ’

273 886 421 933 LlBEll
457 885 734 934 SEPTIMUS·

117 1001 981 1124 meaavrusoraa*

160 1350 184 1403 1.
203 1319 343 1402 Maiores
351 1343 471 1402 'Othonia
485 1353 548 1400 eunt
559 1347 613 1400 orti
624 1347 726 1414 oppido
741 1346 900 1414 Ferentino,

105 1423 213 1477 familia
226 1429 317 1476 vetere
332 1428 360 1474 et
373 1421 523 1488 honorata,
538 1421 624 1492 atque
635 1436 668 1473 ex
682 1423 853 1490 principibus
864 1423 901 1472 Ε-

105 1498 219 1550 truriae.
257 1496 330 1548 Ama
339 1495 379 1548 M.
391 1496 500 1549 Salvius
512 1495 597 1561 Otho,
608 1501 686 1564 patre
697 1498 787 1565 equite
798 1496 900 1548 Roma·

106 1586 155 1634 no,
166 1577 253 1623 matre
262 1568 372 1633 humili,
383 1571 516 1623 inperium
528 1586 562 1621 an
572 1571 703 1638 ingenua,
717 1585 767 1638 per
780 1572 900 1638 gratiam

105 1643 204 1696 Liviae
213 1645 361 1709 Augustae,
372 1643 401 1694 in
412 1645 490 1696 euius
500 1645 583 1697 domo
595 1650 725 1709 creverat,
736 1651 848 1696 senator
858 1653 901 1696 est

104 1717 211 1782 taetris,
231 1731 283 1769 nee
301 1722 447 1783 praeturae
467 1719 583 1786 gradum
602 1719 727 1770 excessit.
766 1718 849 1770 Pater
862 1718 898 1769 L.

108 1790 194 1857 Otho,
215 1796 338 1843 materno
358 1805 456 1856 genere
475 1792 632 1859 praeclaro,
652 1792 852 1860 multarumque
872 1800 901 1844 et

54 1876 57 1884 '
106 1880 268 1934 magnarum
283 1864 532 1932 propinquitatum,
551 1872 610 1917 tam
625 1881 705 1918 cama
717 1873 828 1933 tamque
842 1882 899 1918 non

106 1940 243 1992 absimilia
253 1938 325 1990 faeie
336 1937 450 1990 'liberio
460 1941 580 2007 principi
589 1939 650 2005 fuit,
661 1946 693 1991 ut
702 1941 825 2008 plerique
835 1956 900 2008 pro.

108 2021 229 2066 creatum
239 2028 273 2067 ex
282 2028 315 2066 eo
328 2013 477 2066 crederent.
505 2015 632 2066 Urbanos
643 2012 771 2078 honores,
782 2030 898 2082 procon-

107 2088 227 2140 sulatum
237 2088 358 2152 Airieae,
373 2094 401 2140 et
410 2089 631 2141 extraordinaria
640 2089 769 2154 imperia,
785 2090 898 2140 severia·

107 2163 175 2214 aime
191 2162 401 2214 administravit.
440 2163 530 2214 Anaua
540 2163 624 2215 etlam
634 2163 714 2214 estin
724 2161 837 2229 lllyrico
849 2163 898 2213 mi-

105 2237 170 2288 litea
190 2237 338 2305 quosdams
354 2235 429 2304 quod
448 2242 526 2288 motu
545 2235 656 2288 Camilli
676 2251 709 2288 ex
728 2236 899 2304 poenitentia

105 2311 279 2379 praepositos
299 2325 374 2375 auos,
395 2309 657 2377 quaairlefeetionia
673 2310 802 2362 adversus
819 2311 898 2361 Clau-

107 2384 182 2435 dium
194 2389 333 2447 auctores,
346 2384 517 2449 occiderant,
530 2385 620 2452 capite
630 2385 740 2452 piurire,
752 2391 780 2436 et
790 2384 899 2452 quidem

107 2462 170 2507 ante
180 2456 328 2523 principia,
339 2473 369 2508 ae
379 2472 472 2508 earam
483 2473 491 2520 ς
512 2459 636 2524 quamvis
647 2459 682 2509 ab
692 2457 722 2508 ii
735 2458 826 2524 ipsum
836 2473 899 2526 pro·

106 2535 197 2579 motor
207 2528 236 2579 in
248 2527 407 2594 ampliorem
417 2530 533 2596 gradum
548 2545 566 2580 a
576 2529 693 2582 Claudio
704 2531 796 2581 sciret.
836 2530 898 2593 Quo

105 2597 191 2663 faeta,
202 2601 274 2650 eleut
282 2600 401 2666 gloriam
412 2603 498 2666 auxit,
509 2604 550 2654 ita
560 2604 678 2670 gratiam
688 2603 787 2654 minuit
798 2621 804 2653 :
816 2618 899 2670 quam

105 2677 197 2724 tamen
211 2678 317 2724 mature
331 2676 516 2742 recuperavit,
531 2675 640 2729 detecta
659 2675 760 2744 equitia
780 2675 900 2729 Romani
