1992 2962
143 134 193 186 190
415 137 442 182 (l.
469 135 654 184 suenoni!

107 314 111 322 ⁴
141 269 241 324 magno
254 255 385 308 tibiarum
400 261 428 308 et
441 256 622 308 scabellorum
636 254 754 321 crepitu,
774 269 835 306 cum
854 256 935 322 palla

141 331 290 397 tunicaque
299 330 383 381 talari
393 329 530 398 prosiluit,
542 345 574 381 ac
584 328 719 380 desaltato
731 329 840 382 cantico
851 329 933 383 abiit.

141 403 228 470 Atque
238 401 349 456 hictum
360 403 459 455 docilis
470 403 505 453 ad
516 408 614 466 cetera,
624 407 719 454 natare
728 403 836 454 nesciit.

196 476 256 528 LV.
277 478 400 538 Quorum
409 491 474 528 vere
485 476 578 528 studio
588 481 738 539 teneretur,
755 477 884 530 omuibus
894 477 932 528 ad

140 551 277 602 insaniam
286 549 365 602 iavit.
402 549 565 601 Mnesterem
579 550 776 617 pantomimum
790 549 874 602 etiam
888 551 945 602 in·-

140 631 183 676 ter
192 623 350 692 spectacula
361 623 549 676 osculabatur:
565 638 598 674 ac
607 623 632 677 si
642 623 703 689 quis
713 623 831 676 saltante
841 639 875 676 ec
885 624 931 678 vel

140 697 238 750 leviter
248 698 428 763 obstreperet,
449 694 557 750 detrahi
568 697 673 749 lssssum
683 711 768 748 uranu
775 712 826 748 sua
836 697 930 766 ilagel·

140 770 225 822 labat.
257 771 355 838 Equiti
363 770 488 822 Romano
498 769 733 838 tumultuantiper
742 771 929 824 centurionem

141 845 327 907 denunciavit,
348 844 436 896 abiret
446 844 505 896 siue
514 859 593 896 ruore
604 843 726 908 Ostiam,
742 843 940 912 perferretque·

139 917 176 971 ad
195 917 386 970 Ptolemaeum·
399 931 492 984 regem
513 918 543 968 in
562 917 758 970 Maruitardasu
782 917 928 971 codicillos

139 1007 215 1043 snos.
253 992 376 1052 Quorum
387 990 539 1058 exemplum
548 995 620 1044 crat:
639 990 685 1054 Ei,
696 1006 771 1058 quem
780 990 848 1042 istnc
858 992 937 1055 misi,

139 1081 222 1132 neque
240 1063 302 1116 bous'
319 1063 459 1130 quicquam
476 1079 559 1130 seque
576 1064 641 1116 ιιιιιι
655 1063 762 1134 seceris.
804 1063 928 1118 Thraces

139 1139 275 1206 quosdam
286 1136 430 1191 Germanis
445 1139 569 1206 corporis
584 1137 743 1191 custodibus
757 1141 927 1204 praeposuit.

138 1213 338 1264 Mirmillouusu
353 1217 506 1264 moraturas
520 1213 626 1266 recidit.
665 1212 798 1264 Columbo
817 1213 927 1278 victori,

139 1286 237 1338 leviter
254 1292 349 1339 tamen
365 1287 474 1352 saucio,
493 1301 625 1339 venenum
643 1286 672 1336 in
686 1285 796 1354 plagam
810 1285 928 1350 addidit,

141 1358 216 1426 qnod
230 1375 264 1411 ex
279 1376 311 1412 eo
325 1360 504 1414 Cobosnbs'nam
518 1360 675 1427 appellavit.
714 1358 761 1412 Sic
774 1360 929 1412 certainter
978 1375 979 1380 ¹

140 1433 198 1484 aliu
206 1447 311 1485 venenu
320 1436 451 1501 scriptum
461 1436 496 1486 ab
507 1451 540 1487 eo
551 1440 686 1500 repertum
696 1438 746 1485 est.
797 1431 928 1486 Prasincc

139 1505 258 1559 factioni
266 1507 307 1558 ita
318 1509 482 1560 addictuset
492 1508 608 1572 deditus,
618 1513 650 1558 ιιι
659 1512 787 1559 coenaret
795 1507 825 1558 ln
835 1507 928 1559 stabu-

140 1579 169 1631 lo
181 1580 299 1644 assidue,
310 1587 338 1634 et
347 1589 476 1633 maneret.
513 1582 651 1648 Agitatori
659 1577 786 1648 Eutycho
797 1581 928 1633 comissa·

140 1653 216 1704 tione
232 1653 349 1720 predam
363 1655 394 1706 iu
407 1652 681 1724 apophoretisvieies
695 1654 849 1706 sestertium
864 1669 927 1707 con·

140 1726 213 1778 tulit.
251 1725 375 1792 Incitato,
386 1728 463 1778 cuius
473 1729 537 1795 equi
548 1742 631 1780 cansa
639 1727 728 1796 pridie
734 1729 887 1794 Circenses,
894 1744 929 1780 ne

139 1801 351 1868 inquietaretur,
361 1801 484 1868 viciniaex
493 1801 630 1853 silentium
640 1817 688 1868 per
697 1803 798 1854 milites
806 1801 928 1854 indicere

141 1875 370 1941 solebat,praeter
379 1875 468 1942 equile
478 1881 840 1943 marmoreum,etpraesepe
849 1877 928 1929 ebur·

141 1963 233 2012 neum,
254 1955 414 2015 praeterque
424 1965 560 2017 purpurea
569 1955 743 2016 tegumenta„
759 1964 792 2000 ao
801 1950 929 2002 monilee

141 2024 266 2090 gemmis,
287 2022 396 2075 domum
410 2023 493 2075 etiam
508 2029 535 2074 ct
547 2022 681 2074 fansiliasn
694 2029 723 2074 et
732 2023 929 2088 supellectilem

142 2095 219 2148 dedit
223 2111 296 2163 ,qim
307 2097 409 2148 lautius
419 2097 528 2148 nomine
539 2097 597 2148 elus
607 2097 717 2149 invitati
728 2096 929 2163 acciperentur,

144 2171 314 2222 consulatum
324 2186 433 2240 quoque
443 2170 562 2221 traditur
572 2170 738 2230 destinasse

198 2241 270 2294 LVI.
289 2243 331 2295 lta
344 2243 521 2296 bacchantem
536 2249 617 2309 etque
629 2249 799 2310 grassantem
813 2258 869 2295 uon
885 2243 929 2297 de-

142 2313 196 2366 fuit
213 2316 351 2384 plerisque
371 2318 478 2370 anianus
498 2316 612 2369 adoriri.
651 2317 708 2369 Sed
720 2331 775 2369 uua
788 2315 930 2405 alteraque
974 2363 975 2370 ,

143 2389 345 2453 conspiratione
355 2391 474 2453 detecta
495 2389 558 2441 aliis
568 2405 621 2457 per
634 2391 757 2458 inopiam
772 2391 929 2444 occasionis
974 2433 975 2440 ,

143 2462 350 2527 coamantibus,
367 2465 420 2515 duo
437 2463 582 2516 consilium
593 2457 929 2530 communicaueruntpes-
974 2515 975 2522 ,

142 2531 327 2599 fecenuntque,
347 2552 402 2586 non
417 2537 476 2588 sine
491 2538 658 2587 conscientia
676 2537 963 2626 potentissimcrrms

60 2657 66 2664 ,
141 2604 299 2658 hbes-torum
309 2608 562 2676 praefectorumque
572 2610 810 2678 praetoriiquod
802 2612 930 2684 ipsiquo
