1992 2962
122 139 173 193 134
403 144 430 189 c.
453 107 638 190 suuronn

123 264 314 320 libertinorum
329 263 402 317 lilios
413 263 461 316 din
470 279 526 316 nou
537 263 660 327 admisit3
673 261 830 332 admissisga
838 263 919 331 prio·
992 331 993 334 Ἴ

122 340 199 392 ribus
217 339 388 407 principibus
403 337 521 390 honores
536 336 689 404 denegavit.
729 337 919 403 Candidatus,
992 341 993 382 ἓ

123 413 172 482 qui
185 427 270 480 supra
282 427 424 464 numerum
434 417 536 475 esseut,
546 413 576 462 iu
585 411 715 462 solatium
727 410 871 463 dilationis
883 425 919 464 ae

123 501 218 539 morae
227 487 384 554 legionibus
394 486 562 554 praeposuit.
602 484 917 538 Consulatuminaeuos

123 561 282 629 plerumque
292 575 398 612 menses
408 559 491 618 dedit.
525 558 918 627 DeirrnotoquecireaKaleu·
992 585 993 596 2

123 635 174 686 das
188 633 330 687 lanuarias
345 634 432 686 altero
448 649 462 685 e
478 633 649 696 oonsulibus,
664 633 798 684 neminem
814 633 917 694 eubeti-

122 709 189 773 suit,
208 708 368 773 improbans
378 707 529 775 exemplum
539 713 617 758 vetus
629 706 738 758 Caninii
748 705 847 772 Rebili,
858 722 916 758 uuo

124 782 169 834 die
185 781 315 833 consulis.
354 779 545 849 Triumphalia
559 786 719 832 ornamenta
733 781 816 831 etiam
832 795 917 846 qnae-

124 856 227 908 storiae
236 855 379 922 diguitatis
393 861 421 906 et
433 853 572 906 nonnullis
582 869 616 906 ex
630 854 750 921 equestri
760 852 857 905 ordine
866 855 918 905 tri·

123 930 197 993 buit,
207 943 258 981 nee
266 929 362 999 utique
370 929 406 981 de
417 944 501 980 carisa
511 928 637 992 militaria
649 927 698 979 aed
712 933 740 978 et
755 927 788 978 de
804 928 917 994 quibua·

126 1019 231 1072 cunque
241 1003 331 1054 rebus.
371 1003 518 1056 Orationes
528 1002 564 1053 ad
579 1006 704 1054 senatum
714 1002 825 1065 missas,
836 1017 917 1068 prae·

123 1078 206 1135 terito
229 1077 383 1144 quaestoris
403 1077 508 1143 officio,
529 1091 578 1146 per
598 1075 737 1128 consulem
756 1075 917 1144 plerumque
986 1107 993 1150 p

125 1152 269 1204 recitabat.

180 1224 254 1278 xvi.
278 1223 407 1278 Formam
422 1225 610 1278 aedificiorum
624 1225 706 1276 Urbis
719 1237 820 1276 novam
834 1237 917 1287 eroo-

125 1301 236 1368 gitavit‚
250 1305 278 1351 et
290 1306 322 1351 ut
335 1306 397 1352 aute
411 1301 517 1352 insulas
527 1315 560 1352 ae
570 1299 667 1351 domos
677 1298 801 1366 partious
812 1298 916 1364 esseut,
992 1331 993 1334 =

126 1374 160 1425 de
183 1387 299 1440 quarum
323 1375 435 1426 solariis
457 1373 585 1428 incendia
611 1379 785 1435 arcerentur;
815 1387 917 1441 easque

126 1453 236 1514 sumptu
246 1463 296 1499 suo
308 1450 451 1500 exstruxit.
484 1448 646 1502 Destiuarat
655 1447 738 1499 etiam
748 1446 828 1498 Ostia
836 1453 917 1498 tenus

126 1521 237 1576 moenia
255 1535 434 1588 promovere,
456 1528 538 1592 atque
556 1521 620 1574 inde
639 1520 718 1573 fossa
737 1536 812 1572 mare
830 1522 937 1572 veteri.

126 1594 196 1647 Urbi
208 1594 347 1646 inducere.
384 1595 474 1648 Multa
488 1596 539 1648 sub
553 1612 587 1649 eo
597 1600 625 1648 et
639 1594 829 1647 animadversa
842 1609 918 1648 seve·

123 1683 170 1738 ure,
194 1673 223 1719 et
245 1669 378 1733 coercita,
401 1685 452 1726 neo
474 1671 563 1722 minus
586 1669 722 1722 instituta.
773 1667 919 1722 Adhibitus
992 1697 993 1704 κ

128 1740 282 1810 sumptibus
305 1743 420 1794 modus:
449 1743 577 1811 publicae
597 1759 698 1796 coenae
719 1742 755 1795 ad
779 1743 920 1810 sportulas

128 1815 271 1870 redactae:
281 1816 466 1882 interdictum,
477 1833 511 1870 ne
521 1818 587 1886 quid
596 1819 626 1870 iu
635 1819 747 1886 popinis
758 1819 831 1869 cocti
840 1832 918 1885 prae·

127 1898 171 1944 ter
184 1891 323 1958 legumina
337 1897 386 1942 aut
401 1892 477 1944 olera
489 1893 607 1957 veniret,
623 1907 705 1960 quum
720 1897 802 1944 antea
814 1891 919 1942 nullum

110 1965 184 2019 'nou
200 1965 311 2018 obsonii
324 1980 409 2034 genus
423 1971 640 2034 proponeretur:
666 1965 761 2020 afflicti
770 1963 919 2034 'suppliciis
992 2013 993 2028 ,

130 2038 292 2104 Christiani,
311 2055 397 2108 genus
410 2039 550 2093 homiuum
565 2041 770 2108 superstitionis
783 2053 872 2092 novae
886 2052 919 2091 ae
992 2037 993 2042 ’

128 2114 288 2166 maleficae:
307 2115 386 2166 vetiti
401 2115 639 2182 quadrigariorum
657 2114 746 2179 lusus,
762 2115 861 2183 qulbus
878 2113 919 2164 in·

129 2191 252 2240 veterati
261 2188 375 2241 lieentia
384 2190 487 2256 passim
501 2189 665 2256 vagantibus
679 2188 779 2243 vellere
790 2203 823 2240 ae
832 2186 919 2238 furari
933 2217 935 2221 ⁴

129 2276 179 2329 per
191 2263 282 2314 iocum
296 2263 340 2314 ins
355 2269 415 2314 erat
425 2280 432 2313 ε
441 2287 446 2296 ·
456 2263 685 2330 pantomimorum
704 2261 840 2315 factiones
860 2276 920 2314 oum

128 2335 198 2401 ipsis
208 2336 290 2386 simul
300 2335 446 2403 relegatae.

185 2407 271 2459 xvn.
285 2409 421 2462 Adversus
430 2409 560 2462 falsarios
570 2416 635 2462 tune
644 2411 762 2478 primum
770 2415 919 2478 repertum,

129 2493 164 2531 ue
177 2480 302 2544 tabulae,
322 2483 377 2533 nisi
390 2490 530 2550 pertusae,
551 2501 584 2536 ac
597 2491 640 2537 ter
653 2485 710 2538 lino
724 2484 920 2552 perforandus

129 2553 491 2622 traiecto‚obsiguoreutur.
531 2559 920 2624 Cautum,utintestamentis

130 2627 235 2695 primae
251 2627 321 2682 duaa
336 2644 426 2697 cerae,
437 2635 601 2686 testatmum
611 2631 694 2688 modo
704 2633 815 2688 nomine
824 2633 919 2686 iuscri-
