<?xml version="1.0" encoding="UTF-8"?>
<!DOCTYPE html PUBLIC "-//W3C//DTD XHTML 1.0 Transitional//EN"
    "http://www.w3.org/TR/xhtml1/DTD/xhtml1-transitional.dtd">
<html xmlns="http://www.w3.org/1999/xhtml" xml:lang="en" lang="en">
 <head>
  <title>
</title>
<meta http-equiv="Content-Type" content="text/html;charset=utf-8" />
  <meta name='ocr-system' content='tesseract 3.04.00' />
  <meta name='ocr-capabilities' content='ocr_page ocr_carea ocr_par ocr_line ocrx_word'/>
</head>
<body>
  <div class='ocr_page' id='page_1' title='image "./csuetoniitranqu00weisgoog_0352.png"; bbox 0 0 1964 2962; ppageno 0'>
   <div class='ocr_carea' id='block_1_1' title="bbox 114 61 634 116">
    <p class='ocr_par' dir='ltr' id='par_1_1' title="bbox 114 61 634 116">
     <span class='ocr_line' id='line_1_1' title="bbox 114 61 634 116; baseline -0.017 0"><span class='ocrx_word' id='word_1_1' title='bbox 114 63 164 116; x_wconf 72' lang='lat'><strong>8³8</strong></span> <span class='ocrx_word' id='word_1_2' title='bbox 391 63 419 110; x_wconf 81' lang='lat' dir='ltr'><strong>C·</strong></span> <span class='ocrx_word' id='word_1_3' title='bbox 444 61 634 112; x_wconf 74' lang='lat' dir='ltr'><strong>SUETONH</strong></span> 
     </span>
    </p>
   </div>
   <div class='ocr_carea' id='block_1_2' title="bbox 80 181 957 2478">
    <p class='ocr_par' dir='ltr' id='par_1_2' title="bbox 80 181 957 1220">
     <span class='ocr_line' id='line_1_2' title="bbox 111 181 920 254; baseline 0 -17"><span class='ocrx_word' id='word_1_4' title='bbox 111 187 152 238; x_wconf 81' lang='lat' dir='ltr'><strong>tio</strong></span> <span class='ocrx_word' id='word_1_5' title='bbox 164 197 273 254; x_wconf 87' lang='lat' dir='ltr'><strong>quoque</strong></span> <span class='ocrx_word' id='word_1_6' title='bbox 283 181 430 249; x_wconf 80' lang='lat' dir='ltr'><strong>deformis,</strong></span> <span class='ocrx_word' id='word_1_7' title='bbox 446 189 473 236; x_wconf 90' lang='lat' dir='ltr'><strong>et</strong></span> <span class='ocrx_word' id='word_1_8' title='bbox 483 182 744 248; x_wconf 69' lang='lat' dir='ltr'><strong>emolumentur,</strong></span> <span class='ocrx_word' id='word_1_9' title='bbox 761 189 791 236; x_wconf 82' lang='lat' dir='ltr'><strong>et</strong></span> <span class='ocrx_word' id='word_1_10' title='bbox 801 199 920 237; x_wconf 85' lang='lat' dir='ltr'><strong>orurum</strong></span> 
     </span>
     <span class='ocr_line' id='line_1_3' title="bbox 94 255 919 337; baseline 0 -27"><span class='ocrx_word' id='word_1_11' title='bbox 94 259 280 337; x_wconf 47' lang='lat' dir='ltr'><strong>‚gracilitate</strong></span> <span class='ocrx_word' id='word_1_12' title='bbox 301 272 373 327; x_wconf 85' lang='lat' dir='ltr'><strong>quae</strong></span> <span class='ocrx_word' id='word_1_13' title='bbox 391 263 484 310; x_wconf 83' lang='lat' dir='ltr'><strong>tamen</strong></span> <span class='ocrx_word' id='word_1_14' title='bbox 503 258 530 310; x_wconf 90' lang='lat' dir='ltr'><strong>ei</strong></span> <span class='ocrx_word' id='word_1_15' title='bbox 542 255 700 309; x_wconf 83' lang='lat' dir='ltr'><strong>valetudiue</strong></span> <span class='ocrx_word' id='word_1_16' title='bbox 717 256 806 324; x_wconf 81' lang='lat' dir='ltr'><strong>longa</strong></span> <span class='ocrx_word' id='word_1_17' title='bbox 824 273 919 312; x_wconf 86' lang='lat' dir='ltr'><strong>rema-</strong></span> 
     </span>
     <span class='ocr_line' id='line_1_4' title="bbox 111 331 917 386; baseline 0.001 0"><span class='ocrx_word' id='word_1_18' title='bbox 111 339 247 386; x_wconf 83' lang='lat' dir='ltr'><strong>osuerant.</strong></span> <span class='ocrx_word' id='word_1_19' title='bbox 277 333 472 386; x_wconf 81' lang='lat' dir='ltr'><strong>commendari</strong></span> <span class='ocrx_word' id='word_1_20' title='bbox 480 347 510 385; x_wconf 85' lang='lat' dir='ltr'><strong>se</strong></span> <span class='ocrx_word' id='word_1_21' title='bbox 519 331 690 383; x_wconf 80' lang='lat' dir='ltr'><strong>verecundia</strong></span> <span class='ocrx_word' id='word_1_22' title='bbox 696 331 754 383; x_wconf 84' lang='lat' dir='ltr'><strong>oris</strong></span> <span class='ocrx_word' id='word_1_23' title='bbox 765 333 841 385; x_wconf 92' lang='lat' dir='ltr'><strong>adeo</strong></span> <span class='ocrx_word' id='word_1_24' title='bbox 855 349 917 386; x_wconf 86' lang='lat' dir='ltr'><strong>sen-</strong></span> 
     </span>
     <span class='ocr_line' id='line_1_5' title="bbox 80 405 916 477; baseline -0.001 -17"><span class='ocrx_word' id='word_1_25' title='bbox 80 423 85 430; x_wconf 91' lang='lat'><strong>·</strong></span> <span class='ocrx_word' id='word_1_26' title='bbox 107 407 208 472; x_wconf 84' lang='lat' dir='ltr'><strong>tiebat,</strong></span> <span class='ocrx_word' id='word_1_27' title='bbox 228 411 260 458; x_wconf 88' lang='lat' dir='ltr'><strong>ut</strong></span> <span class='ocrx_word' id='word_1_28' title='bbox 279 407 353 477; x_wconf 87' lang='lat' dir='ltr'><strong>apud</strong></span> <span class='ocrx_word' id='word_1_29' title='bbox 372 407 503 460; x_wconf 84' lang='lat' dir='ltr'><strong>Sennium</strong></span> <span class='ocrx_word' id='word_1_30' title='bbox 522 407 564 457; x_wconf 87' lang='lat' dir='ltr'><strong>sle</strong></span> <span class='ocrx_word' id='word_1_31' title='bbox 583 405 722 473; x_wconf 87' lang='lat' dir='ltr'><strong>quondam</strong></span> <span class='ocrx_word' id='word_1_32' title='bbox 741 405 916 461; x_wconf 79' lang='lat' dir='ltr'><strong>iactaverit:</strong></span> 
     </span>
     <span class='ocr_line' id='line_1_6' title="bbox 112 477 914 548; baseline -0.002 -14"><span class='ocrx_word' id='word_1_33' title='bbox 112 481 199 548; x_wconf 80' lang='lat' dir='ltr'><strong>Usque</strong></span> <span class='ocrx_word' id='word_1_34' title='bbox 213 479 300 534; x_wconf 73' lang='lat' dir='ltr'><strong>astur</strong></span> <span class='ocrx_word' id='word_1_35' title='bbox 313 489 384 534; x_wconf 78' lang='lat' dir='ltr'><strong>rests</strong></span> <span class='ocrx_word' id='word_1_36' title='bbox 398 479 515 533; x_wconf 71' lang='lat' dir='ltr'><strong>animum</strong></span> <span class='ocrx_word' id='word_1_37' title='bbox 525 495 610 532; x_wconf 79' lang='lat' dir='ltr'><strong>meam</strong></span> <span class='ocrx_word' id='word_1_38' title='bbox 616 477 750 548; x_wconf 78' lang='lat' dir='ltr'><strong>probastis</strong></span> <span class='ocrx_word' id='word_1_39' title='bbox 762 483 914 544; x_wconf 68' lang='lat' dir='ltr'><strong>etsultum.</strong></span> 
     </span>
     <span class='ocr_line' id='line_1_7' title="bbox 110 553 916 619; baseline 0.001 -11"><span class='ocrx_word' id='word_1_40' title='bbox 110 555 231 609; x_wconf 75' lang='lat' dir='ltr'><strong>calvitio</strong></span> <span class='ocrx_word' id='word_1_41' title='bbox 244 557 285 607; x_wconf 88' lang='lat' dir='ltr'><strong>ita</strong></span> <span class='ocrx_word' id='word_1_42' title='bbox 299 553 499 619; x_wconf 66' lang='lat' dir='ltr'><strong>offendebam,</strong></span> <span class='ocrx_word' id='word_1_43' title='bbox 518 559 550 606; x_wconf 87' lang='lat' dir='ltr'><strong>ut</strong></span> <span class='ocrx_word' id='word_1_44' title='bbox 568 555 597 606; x_wconf 92' lang='lat' dir='ltr'><strong>in</strong></span> <span class='ocrx_word' id='word_1_45' title='bbox 614 553 810 606; x_wconf 83' lang='lat' dir='ltr'><strong>contumeliam</strong></span> <span class='ocrx_word' id='word_1_46' title='bbox 831 571 916 608; x_wconf 79' lang='lat' dir='ltr'><strong>suani</strong></span> 
     </span>
     <span class='ocr_line' id='line_1_8' title="bbox 107 627 931 696; baseline 0 -13"><span class='ocrx_word' id='word_1_47' title='bbox 107 629 247 694; x_wconf 78' lang='lat' dir='ltr'><strong>traheres,</strong></span> <span class='ocrx_word' id='word_1_48' title='bbox 266 631 293 682; x_wconf 86' lang='lat' dir='ltr'><strong>si</strong></span> <span class='ocrx_word' id='word_1_49' title='bbox 312 630 358 682; x_wconf 84' lang='lat' dir='ltr'><strong>oui</strong></span> <span class='ocrx_word' id='word_1_50' title='bbox 376 629 427 680; x_wconf 87' lang='lat' dir='ltr'><strong>alii</strong></span> <span class='ocrx_word' id='word_1_51' title='bbox 445 629 510 682; x_wconf 83' lang='lat' dir='ltr'><strong>ioco</strong></span> <span class='ocrx_word' id='word_1_52' title='bbox 529 628 574 680; x_wconf 85' lang='lat' dir='ltr'><strong>vel</strong></span> <span class='ocrx_word' id='word_1_53' title='bbox 593 629 684 696; x_wconf 83' lang='lat' dir='ltr'><strong>iurgio</strong></span> <span class='ocrx_word' id='word_1_54' title='bbox 701 627 931 694; x_wconf 56' lang='lat' dir='ltr'><strong>obiectaretqu-</strong></span> 
     </span>
     <span class='ocr_line' id='line_1_9' title="bbox 109 701 915 774; baseline 0 -18"><span class='ocrx_word' id='word_1_55' title='bbox 109 705 234 774; x_wconf 82' lang='lat' dir='ltr'><strong>qnamrls</strong></span> <span class='ocrx_word' id='word_1_56' title='bbox 244 703 434 774; x_wconf 87' lang='lat' dir='ltr'><strong>libello,quem</strong></span> <span class='ocrx_word' id='word_1_57' title='bbox 445 703 479 756; x_wconf 84' lang='lat' dir='ltr'><strong>de</strong></span> <span class='ocrx_word' id='word_1_58' title='bbox 490 717 556 755; x_wconf 75' lang='lat' dir='ltr'><strong>ostra</strong></span> <span class='ocrx_word' id='word_1_59' title='bbox 566 701 730 772; x_wconf 81' lang='lat' dir='ltr'><strong>capillorum</strong></span> <span class='ocrx_word' id='word_1_60' title='bbox 742 701 778 754; x_wconf 87' lang='lat' dir='ltr'><strong>ad</strong></span> <span class='ocrx_word' id='word_1_61' title='bbox 789 705 915 758; x_wconf 88' lang='lat' dir='ltr'><strong>amicum</strong></span> 
     </span>
     <span class='ocr_line' id='line_1_10' title="bbox 110 775 957 846; baseline 0.002 -16"><span class='ocrx_word' id='word_1_62' title='bbox 110 778 211 844; x_wconf 77' lang='lat' dir='ltr'>edidit,</span> <span class='ocrx_word' id='word_1_63' title='bbox 222 775 291 832; x_wconf 83' lang='lat' dir='ltr'><strong>baec</strong></span> <span class='ocrx_word' id='word_1_64' title='bbox 301 779 398 843; x_wconf 82' lang='lat' dir='ltr'><strong>etism,</strong></span> <span class='ocrx_word' id='word_1_65' title='bbox 409 777 492 830; x_wconf 84' lang='lat' dir='ltr'><strong>simul</strong></span> <span class='ocrx_word' id='word_1_66' title='bbox 500 777 682 846; x_wconf 76' lang='lat' dir='ltr'><strong>iniuriaeque,</strong></span> <span class='ocrx_word' id='word_1_67' title='bbox 693 777 847 830; x_wconf 81' lang='lat' dir='ltr'><strong>consolans</strong></span> <span class='ocrx_word' id='word_1_68' title='bbox 851 816 862 845; x_wconf 87' lang='lat'>‚</span> <span class='ocrx_word' id='word_1_69' title='bbox 873 781 915 832; x_wconf 89' lang='lat' dir='ltr'><strong>in·</strong></span> <span class='ocrx_word' id='word_1_70' title='bbox 956 819 957 824; x_wconf 14' lang='grc' dir='ltr'><strong>κ</strong></span> 
     </span>
     <span class='ocr_line' id='line_1_11' title="bbox 110 854 245 906; baseline -0.015 0"><span class='ocrx_word' id='word_1_71' title='bbox 110 854 245 906; x_wconf 72' lang='lat' dir='ltr'><strong>merit:</strong></span> 
     </span>
     <span class='ocr_line' id='line_1_12' title="bbox 230 916 902 994; baseline -0.006 -18"><span class='ocrx_word' id='word_1_72' title='bbox 230 919 287 988; x_wconf 62' lang='lat'><strong>02³2</strong></span> <span class='ocrx_word' id='word_1_73' title='bbox 297 917 386 994; x_wconf 71' lang='lat' dir='ltr'><strong>dpdpt,</strong></span> <span class='ocrx_word' id='word_1_74' title='bbox 397 916 451 982; x_wconf 63' lang='lat' dir='ltr'><strong>olor</strong></span> <span class='ocrx_word' id='word_1_75' title='bbox 461 919 528 990; x_wconf 66' lang='grc' dir='ltr'><strong>νᾷνῶ</strong></span> <span class='ocrx_word' id='word_1_76' title='bbox 539 919 616 980; x_wconf 74' lang='grc' dir='ltr'><strong>καλός</strong></span> <span class='ocrx_word' id='word_1_77' title='bbox 625 937 653 974; x_wconf 78' lang='grc' dir='ltr'><strong>τε</strong></span> <span class='ocrx_word' id='word_1_78' title='bbox 663 921 743 987; x_wconf 69' lang='grc' dir='ltr'><strong><em>μέγας</em></strong></span> <span class='ocrx_word' id='word_1_79' title='bbox 753 939 790 974; x_wconf 77' lang='grc' dir='ltr'><strong>τε.</strong></span> <span class='ocrx_word' id='word_1_80' title='bbox 895 958 902 972; x_wconf 80' lang='grc'><em>.</em></span> 
     </span>
     <span class='ocr_line' id='line_1_13' title="bbox 111 996 915 1070; baseline 0 -17"><span class='ocrx_word' id='word_1_81' title='bbox 111 999 216 1054; x_wconf 76' lang='lat' dir='ltr'><strong>Eodem</strong></span> <span class='ocrx_word' id='word_1_82' title='bbox 225 1008 313 1053; x_wconf 74' lang='lat' dir='ltr'><strong>tames</strong></span> <span class='ocrx_word' id='word_1_83' title='bbox 323 1015 365 1052; x_wconf 84' lang='lat' dir='ltr'><strong>ms</strong></span> <span class='ocrx_word' id='word_1_84' title='bbox 374 1005 483 1053; x_wconf 70' lang='lat' dir='ltr'><strong>manent</strong></span> <span class='ocrx_word' id='word_1_85' title='bbox 497 997 610 1069; x_wconf 76' lang='lat' dir='ltr'><strong>[tecum]</strong></span> <span class='ocrx_word' id='word_1_86' title='bbox 628 996 871 1070; x_wconf 77' lang='lat' dir='ltr'><strong>capillorumfata‚</strong></span> <span class='ocrx_word' id='word_1_87' title='bbox 888 1010 915 1054; x_wconf 81' lang='lat' dir='ltr'><strong>et</strong></span> 
     </span>
     <span class='ocr_line' id='line_1_14' title="bbox 112 1071 911 1146; baseline -0.001 -19"><span class='ocrx_word' id='word_1_88' title='bbox 112 1073 182 1141; x_wconf 71' lang='lat' dir='ltr'><strong>torti</strong></span> <span class='ocrx_word' id='word_1_89' title='bbox 199 1074 288 1128; x_wconf 76' lang='lat' dir='ltr'><strong>animo</strong></span> <span class='ocrx_word' id='word_1_90' title='bbox 300 1073 366 1146; x_wconf 80' lang='lat' dir='ltr'><strong>fero</strong></span> <span class='ocrx_word' id='word_1_91' title='bbox 380 1087 481 1128; x_wconf 77' lang='lat' dir='ltr'><strong>tomam</strong></span> <span class='ocrx_word' id='word_1_92' title='bbox 494 1072 523 1126; x_wconf 82' lang='lat' dir='ltr'><strong>in</strong></span> <span class='ocrx_word' id='word_1_93' title='bbox 536 1071 712 1126; x_wconf 76' lang='lat' dir='ltr'><strong>adolescentis</strong></span> <span class='ocrx_word' id='word_1_94' title='bbox 725 1083 911 1128; x_wconf 78' lang='lat' dir='ltr'><strong>senescentem.</strong></span> 
     </span>
     <span class='ocr_line' id='line_1_15' title="bbox 116 1147 806 1220; baseline -0.004 -18"><span class='ocrx_word' id='word_1_95' title='bbox 116 1149 191 1202; x_wconf 75' lang='lat' dir='ltr'><strong>seta·</strong></span> <span class='ocrx_word' id='word_1_96' title='bbox 201 1167 249 1202; x_wconf 80' lang='lat' dir='ltr'><strong>neo</strong></span> <span class='ocrx_word' id='word_1_97' title='bbox 256 1148 363 1220; x_wconf 69' lang='lat' dir='ltr'><strong>gratim</strong></span> <span class='ocrx_word' id='word_1_98' title='bbox 373 1149 512 1216; x_wconf 76' lang='lat' dir='ltr'><strong>quiequam</strong></span> <span class='ocrx_word' id='word_1_99' title='bbox 523 1147 626 1212; x_wconf 74' lang='lat' dir='ltr'><strong>decore,</strong></span> <span class='ocrx_word' id='word_1_100' title='bbox 638 1164 685 1201; x_wconf 81' lang='lat' dir='ltr'><strong>neo</strong></span> <span class='ocrx_word' id='word_1_101' title='bbox 695 1147 806 1200; x_wconf 77' lang='lat' dir='ltr'><strong>brevius.</strong></span> 
     </span>
    </p>

    <p class='ocr_par' dir='ltr' id='par_1_3' title="bbox 116 1221 957 2096">
     <span class='ocr_line' id='line_1_16' title="bbox 171 1221 912 1293; baseline -0.001 -17"><span class='ocrx_word' id='word_1_102' title='bbox 171 1223 247 1276; x_wconf 80' lang='lat' dir='ltr'><strong>xlx.</strong></span> <span class='ocrx_word' id='word_1_103' title='bbox 276 1223 398 1276; x_wconf 86' lang='lat' dir='ltr'><strong>Laboris</strong></span> <span class='ocrx_word' id='word_1_104' title='bbox 419 1223 579 1292; x_wconf 74' lang='lat' dir='ltr'><strong>impatiens,</strong></span> <span class='ocrx_word' id='word_1_105' title='bbox 599 1238 649 1291; x_wconf 91' lang='lat' dir='ltr'><strong>per</strong></span> <span class='ocrx_word' id='word_1_106' title='bbox 669 1221 772 1274; x_wconf 85' lang='lat' dir='ltr'><strong>Urbem</strong></span> <span class='ocrx_word' id='word_1_107' title='bbox 794 1223 912 1293; x_wconf 82' lang='lat' dir='ltr'><strong>pedihus</strong></span> 
     </span>
     <span class='ocr_line' id='line_1_17' title="bbox 116 1297 911 1368; baseline -0.001 -18"><span class='ocrx_word' id='word_1_108' title='bbox 116 1311 173 1350; x_wconf 89' lang='lat' dir='ltr'><strong>non</strong></span> <span class='ocrx_word' id='word_1_109' title='bbox 191 1305 293 1350; x_wconf 83' lang='lat' dir='ltr'><strong>temere</strong></span> <span class='ocrx_word' id='word_1_110' title='bbox 313 1298 481 1350; x_wconf 75' lang='lat' dir='ltr'><strong>ambulavit:</strong></span> <span class='ocrx_word' id='word_1_111' title='bbox 501 1298 531 1349; x_wconf 93' lang='lat' dir='ltr'><strong>in</strong></span> <span class='ocrx_word' id='word_1_112' title='bbox 550 1297 725 1368; x_wconf 79' lang='lat' dir='ltr'><strong>expeditione</strong></span> <span class='ocrx_word' id='word_1_113' title='bbox 745 1302 774 1349; x_wconf 88' lang='lat' dir='ltr'><strong>et</strong></span> <span class='ocrx_word' id='word_1_114' title='bbox 793 1299 911 1366; x_wconf 83' lang='lat' dir='ltr'><strong>agmine,</strong></span> 
     </span>
     <span class='ocr_line' id='line_1_18' title="bbox 118 1369 957 1440; baseline -0.004 -14"><span class='ocrx_word' id='word_1_115' title='bbox 118 1387 189 1440; x_wconf 89' lang='lat' dir='ltr'><strong>equo</strong></span> <span class='ocrx_word' id='word_1_116' title='bbox 203 1373 306 1438; x_wconf 70' lang='lat' dir='ltr'><strong>radus,</strong></span> <span class='ocrx_word' id='word_1_117' title='bbox 326 1371 426 1425; x_wconf 84' lang='lat' dir='ltr'><strong>lectica</strong></span> <span class='ocrx_word' id='word_1_118' title='bbox 438 1371 550 1425; x_wconf 84' lang='lat' dir='ltr'><strong>assidue</strong></span> <span class='ocrx_word' id='word_1_119' title='bbox 563 1378 658 1424; x_wconf 79' lang='lat' dir='ltr'><strong>vectus</strong></span> <span class='ocrx_word' id='word_1_120' title='bbox 677 1377 728 1427; x_wconf 87' lang='lat' dir='ltr'><strong>esi.</strong></span> <span class='ocrx_word' id='word_1_121' title='bbox 766 1371 911 1424; x_wconf 82' lang='lat' dir='ltr'><strong>Armorum</strong></span> <span class='ocrx_word' id='word_1_122' title='bbox 956 1369 957 1372; x_wconf 70' lang='grc'>’</span> 
     </span>
     <span class='ocr_line' id='line_1_19' title="bbox 118 1445 910 1516; baseline -0.003 -16"><span class='ocrx_word' id='word_1_123' title='bbox 118 1447 209 1511; x_wconf 88' lang='lat' dir='ltr'><strong>nullo,</strong></span> <span class='ocrx_word' id='word_1_124' title='bbox 230 1447 391 1514; x_wconf 82' lang='lat' dir='ltr'><strong>sagittarum</strong></span> <span class='ocrx_word' id='word_1_125' title='bbox 411 1446 456 1499; x_wconf 88' lang='lat' dir='ltr'><strong>vel</strong></span> <span class='ocrx_word' id='word_1_126' title='bbox 473 1447 624 1515; x_wconf 76' lang='lat' dir='ltr'><strong>praecipuo</strong></span> <span class='ocrx_word' id='word_1_127' title='bbox 644 1445 738 1498; x_wconf 87' lang='lat' dir='ltr'><strong>studio</strong></span> <span class='ocrx_word' id='word_1_128' title='bbox 757 1446 910 1516; x_wconf 84' lang='lat' dir='ltr'><strong>tenebatur.</strong></span> 
     </span>
     <span class='ocr_line' id='line_1_20' title="bbox 120 1519 914 1589; baseline -0.001 -17"><span class='ocrx_word' id='word_1_129' title='bbox 120 1521 254 1573; x_wconf 82' lang='lat' dir='ltr'><strong>centenos</strong></span> <span class='ocrx_word' id='word_1_130' title='bbox 264 1521 336 1572; x_wconf 85' lang='lat' dir='ltr'><strong>varii</strong></span> <span class='ocrx_word' id='word_1_131' title='bbox 345 1519 452 1589; x_wconf 83' lang='lat' dir='ltr'><strong>generis</strong></span> <span class='ocrx_word' id='word_1_132' title='bbox 462 1520 535 1572; x_wconf 81' lang='lat' dir='ltr'><strong>leros</strong></span> <span class='ocrx_word' id='word_1_133' title='bbox 545 1535 628 1589; x_wconf 88' lang='lat' dir='ltr'><strong>saepe</strong></span> <span class='ocrx_word' id='word_1_134' title='bbox 641 1521 672 1572; x_wconf 89' lang='lat' dir='ltr'><strong>in</strong></span> <span class='ocrx_word' id='word_1_135' title='bbox 681 1519 788 1572; x_wconf 81' lang='lat' dir='ltr'><strong>Albano</strong></span> <span class='ocrx_word' id='word_1_136' title='bbox 804 1535 914 1574; x_wconf 82' lang='lat' dir='ltr'><strong>secessu</strong></span> 
     </span>
     <span class='ocr_line' id='line_1_21' title="bbox 119 1593 913 1665; baseline -0.003 -17"><span class='ocrx_word' id='word_1_137' title='bbox 119 1595 307 1648; x_wconf 79' lang='lat' dir='ltr'><strong>conficientem</strong></span> <span class='ocrx_word' id='word_1_138' title='bbox 318 1601 475 1663; x_wconf 75' lang='lat' dir='ltr'><strong>spectavere</strong></span> <span class='ocrx_word' id='word_1_139' title='bbox 484 1595 622 1665; x_wconf 81' lang='lat' dir='ltr'><strong>plerique3</strong></span> <span class='ocrx_word' id='word_1_140' title='bbox 642 1600 725 1662; x_wconf 87' lang='lat' dir='ltr'><strong>atque</strong></span> <span class='ocrx_word' id='word_1_141' title='bbox 734 1593 819 1646; x_wconf 60' lang='lat' dir='ltr'><strong>mam</strong></span> <span class='ocrx_word' id='word_1_142' title='bbox 829 1610 863 1647; x_wconf 87' lang='lat' dir='ltr'><strong>ex</strong></span> <span class='ocrx_word' id='word_1_143' title='bbox 873 1596 913 1646; x_wconf 84' lang='lat' dir='ltr'><strong>in·</strong></span> 
     </span>
     <span class='ocr_line' id='line_1_22' title="bbox 119 1669 913 1739; baseline 0 -17"><span class='ocrx_word' id='word_1_144' title='bbox 119 1669 227 1722; x_wconf 90' lang='lat' dir='ltr'><strong>dustria</strong></span> <span class='ocrx_word' id='word_1_145' title='bbox 243 1669 285 1720; x_wconf 78' lang='lat' dir='ltr'><strong>ita</strong></span> <span class='ocrx_word' id='word_1_146' title='bbox 304 1669 475 1739; x_wconf 87' lang='lat' dir='ltr'><strong>quarundam</strong></span> <span class='ocrx_word' id='word_1_147' title='bbox 489 1671 582 1738; x_wconf 83' lang='lat' dir='ltr'><strong>capita</strong></span> <span class='ocrx_word' id='word_1_148' title='bbox 599 1669 738 1738; x_wconf 80' lang='lat' dir='ltr'><strong>figentem,</strong></span> <span class='ocrx_word' id='word_1_149' title='bbox 758 1675 790 1720; x_wconf 84' lang='lat' dir='ltr'><strong>ut</strong></span> <span class='ocrx_word' id='word_1_150' title='bbox 804 1669 913 1722; x_wconf 83' lang='lat' dir='ltr'><strong>duobus</strong></span> 
     </span>
     <span class='ocr_line' id='line_1_23' title="bbox 118 1741 914 1812; baseline -0.004 -14"><span class='ocrx_word' id='word_1_151' title='bbox 118 1744 221 1798; x_wconf 81' lang='lat' dir='ltr'><strong>ictibus</strong></span> <span class='ocrx_word' id='word_1_152' title='bbox 244 1743 325 1812; x_wconf 89' lang='lat' dir='ltr'><strong>quasi</strong></span> <span class='ocrx_word' id='word_1_153' title='bbox 348 1757 453 1795; x_wconf 88' lang='lat' dir='ltr'><strong>cornua</strong></span> <span class='ocrx_word' id='word_1_154' title='bbox 475 1744 602 1795; x_wconf 83' lang='lat' dir='ltr'><strong>effioeret.</strong></span> <span class='ocrx_word' id='word_1_155' title='bbox 653 1741 857 1812; x_wconf 76' lang='lat' dir='ltr'><strong>Nonnunquam</strong></span> <span class='ocrx_word' id='word_1_156' title='bbox 884 1745 914 1796; x_wconf 90' lang='lat' dir='ltr'><strong>in</strong></span> 
     </span>
     <span class='ocr_line' id='line_1_24' title="bbox 120 1817 912 1892; baseline -0.003 -21"><span class='ocrx_word' id='word_1_157' title='bbox 120 1819 200 1892; x_wconf 86' lang='lat' dir='ltr'><strong>pueri</strong></span> <span class='ocrx_word' id='word_1_158' title='bbox 214 1817 312 1888; x_wconf 76' lang='lat' dir='ltr'><strong>procul</strong></span> <span class='ocrx_word' id='word_1_159' title='bbox 325 1817 437 1881; x_wconf 84' lang='lat' dir='ltr'><strong>stantis,</strong></span> <span class='ocrx_word' id='word_1_160' title='bbox 457 1817 669 1887; x_wconf 75' lang='lat' dir='ltr'><strong>praebentisque</strong></span> <span class='ocrx_word' id='word_1_161' title='bbox 683 1832 735 1884; x_wconf 87' lang='lat' dir='ltr'><strong>pro</strong></span> <span class='ocrx_word' id='word_1_162' title='bbox 756 1830 841 1885; x_wconf 85' lang='lat' dir='ltr'><strong>scopo</strong></span> <span class='ocrx_word' id='word_1_163' title='bbox 858 1817 912 1869; x_wconf 89' lang='lat' dir='ltr'><strong>dis-</strong></span> 
     </span>
     <span class='ocr_line' id='line_1_25' title="bbox 120 1889 914 1963; baseline 0.001 -19"><span class='ocrx_word' id='word_1_164' title='bbox 120 1907 236 1963; x_wconf 83' lang='lat' dir='ltr'><strong>pansam</strong></span> <span class='ocrx_word' id='word_1_165' title='bbox 250 1892 362 1944; x_wconf 84' lang='lat' dir='ltr'><strong>dextrae</strong></span> <span class='ocrx_word' id='word_1_166' title='bbox 376 1906 473 1944; x_wconf 86' lang='lat' dir='ltr'><strong>manus</strong></span> <span class='ocrx_word' id='word_1_167' title='bbox 487 1889 620 1960; x_wconf 88' lang='lat' dir='ltr'><strong>palmam,</strong></span> <span class='ocrx_word' id='word_1_168' title='bbox 636 1891 753 1959; x_wconf 83' lang='lat' dir='ltr'><strong>sagittas</strong></span> <span class='ocrx_word' id='word_1_169' title='bbox 766 1898 845 1943; x_wconf 87' lang='lat' dir='ltr'><strong>tanta</strong></span> <span class='ocrx_word' id='word_1_170' title='bbox 856 1899 914 1944; x_wconf 85' lang='lat' dir='ltr'><strong>arte</strong></span> 
     </span>
     <span class='ocr_line' id='line_1_26' title="bbox 121 1965 914 2035; baseline -0.003 -15"><span class='ocrx_word' id='word_1_171' title='bbox 121 1968 234 2033; x_wconf 79' lang='lat' dir='ltr'><strong>direxit,</strong></span> <span class='ocrx_word' id='word_1_172' title='bbox 248 1972 280 2019; x_wconf 89' lang='lat' dir='ltr'><strong>ut</strong></span> <span class='ocrx_word' id='word_1_173' title='bbox 290 1981 383 2020; x_wconf 84' lang='lat' dir='ltr'><strong>omues</strong></span> <span class='ocrx_word' id='word_1_174' title='bbox 396 1981 446 2035; x_wconf 85' lang='lat' dir='ltr'><strong>per</strong></span> <span class='ocrx_word' id='word_1_175' title='bbox 459 1965 605 2019; x_wconf 81' lang='lat' dir='ltr'><strong>intervalla</strong></span> <span class='ocrx_word' id='word_1_176' title='bbox 615 1965 765 2034; x_wconf 83' lang='lat' dir='ltr'><strong>digitorum</strong></span> <span class='ocrx_word' id='word_1_177' title='bbox 771 1967 914 2019; x_wconf 81' lang='lat' dir='ltr'><strong>iimoonaa</strong></span> 
     </span>
     <span class='ocr_line' id='line_1_27' title="bbox 121 2042 277 2096; baseline -0.019 0"><span class='ocrx_word' id='word_1_178' title='bbox 121 2042 277 2096; x_wconf 84' lang='lat' dir='ltr'><strong>evaderent.</strong></span> 
     </span>
    </p>

    <p class='ocr_par' dir='ltr' id='par_1_4' title="bbox 123 2113 957 2478">
     <span class='ocr_line' id='line_1_28' title="bbox 176 2113 912 2183; baseline -0.004 -14"><span class='ocrx_word' id='word_1_179' title='bbox 176 2116 240 2169; x_wconf 74' lang='lat' dir='ltr'><strong>XX.</strong></span> <span class='ocrx_word' id='word_1_180' title='bbox 257 2115 402 2168; x_wconf 83' lang='lat' dir='ltr'><strong>Liberalia</strong></span> <span class='ocrx_word' id='word_1_181' title='bbox 415 2114 508 2168; x_wconf 86' lang='lat' dir='ltr'><strong>studia</strong></span> <span class='ocrx_word' id='word_1_182' title='bbox 520 2113 551 2166; x_wconf 92' lang='lat' dir='ltr'><strong>in</strong></span> <span class='ocrx_word' id='word_1_183' title='bbox 565 2113 646 2167; x_wconf 86' lang='lat' dir='ltr'><strong>initio</strong></span> <span class='ocrx_word' id='word_1_184' title='bbox 660 2113 772 2183; x_wconf 75' lang='lat' dir='ltr'><strong>impelii</strong></span> <span class='ocrx_word' id='word_1_185' title='bbox 784 2113 912 2181; x_wconf 80' lang='lat' dir='ltr'><strong>neglexit,</strong></span> 
     </span>
     <span class='ocr_line' id='line_1_29' title="bbox 123 2187 940 2260; baseline -0.002 -18"><span class='ocrx_word' id='word_1_186' title='bbox 123 2203 280 2260; x_wconf 85' lang='lat' dir='ltr'><strong>quanquam</strong></span> <span class='ocrx_word' id='word_1_187' title='bbox 294 2187 478 2242; x_wconf 86' lang='lat' dir='ltr'><strong>bibliothecas</strong></span> <span class='ocrx_word' id='word_1_188' title='bbox 496 2189 624 2242; x_wconf 76' lang='lat' dir='ltr'><strong>incendio</strong></span> <span class='ocrx_word' id='word_1_189' title='bbox 639 2189 799 2256; x_wconf 86' lang='lat' dir='ltr'><strong>absumptas</strong></span> <span class='ocrx_word' id='word_1_190' title='bbox 811 2189 912 2258; x_wconf 89' lang='lat' dir='ltr'><strong>impen-</strong></span> <span class='ocrx_word' id='word_1_191' title='bbox 939 2250 940 2254; x_wconf 6' lang='grc' dir='ltr'><strong>Ἰ</strong></span> 
     </span>
     <span class='ocr_line' id='line_1_30' title="bbox 123 2262 913 2337; baseline -0.003 -21"><span class='ocrx_word' id='word_1_192' title='bbox 123 2265 231 2316; x_wconf 85' lang='lat' dir='ltr'><strong>sissirne</strong></span> <span class='ocrx_word' id='word_1_193' title='bbox 241 2279 371 2332; x_wconf 84' lang='lat' dir='ltr'><strong>reparare</strong></span> <span class='ocrx_word' id='word_1_194' title='bbox 380 2271 515 2337; x_wconf 58' lang='lat' dir='ltr'><strong>rugasset,</strong></span> <span class='ocrx_word' id='word_1_195' title='bbox 526 2263 728 2331; x_wconf 75' lang='lat' dir='ltr'><strong>exemplaribus</strong></span> <span class='ocrx_word' id='word_1_196' title='bbox 738 2262 859 2332; x_wconf 87' lang='lat' dir='ltr'><strong>undique</strong></span> <span class='ocrx_word' id='word_1_197' title='bbox 869 2275 913 2330; x_wconf 71' lang='lat' dir='ltr'><strong>pe·¹</strong></span> 
     </span>
     <span class='ocr_line' id='line_1_31' title="bbox 123 2337 912 2406; baseline -0.003 -17"><span class='ocrx_word' id='word_1_198' title='bbox 123 2339 196 2400; x_wconf 81' lang='lat' dir='ltr'><strong>titis,</strong></span> <span class='ocrx_word' id='word_1_199' title='bbox 206 2338 352 2405; x_wconf 70' lang='lat' dir='ltr'><strong>missisque</strong></span> <span class='ocrx_word' id='word_1_200' title='bbox 361 2337 564 2402; x_wconf 81' lang='lat' dir='ltr'><strong>Alexandriam,</strong></span> <span class='ocrx_word' id='word_1_201' title='bbox 575 2338 624 2406; x_wconf 92' lang='lat' dir='ltr'><strong>qui</strong></span> <span class='ocrx_word' id='word_1_202' title='bbox 634 2337 818 2389; x_wconf 80' lang='lat' dir='ltr'><strong>describerent</strong></span> <span class='ocrx_word' id='word_1_203' title='bbox 827 2352 912 2390; x_wconf 89' lang='lat' dir='ltr'><strong>emen·</strong></span> 
     </span>
     <span class='ocr_line' id='line_1_32' title="bbox 125 2408 957 2478; baseline 0.004 -18"><span class='ocrx_word' id='word_1_204' title='bbox 125 2410 283 2476; x_wconf 79' lang='lat' dir='ltr'><strong>darentque.</strong></span> <span class='ocrx_word' id='word_1_205' title='bbox 321 2409 468 2478; x_wconf 84' lang='lat' dir='ltr'><strong>Nunquam</strong></span> <span class='ocrx_word' id='word_1_206' title='bbox 477 2417 569 2463; x_wconf 84' lang='lat' dir='ltr'><strong>tamen</strong></span> <span class='ocrx_word' id='word_1_207' title='bbox 580 2417 629 2462; x_wconf 86' lang='lat' dir='ltr'><strong>aut</strong></span> <span class='ocrx_word' id='word_1_208' title='bbox 641 2408 775 2463; x_wconf 84' lang='lat' dir='ltr'><strong>historiae</strong></span> <span class='ocrx_word' id='word_1_209' title='bbox 791 2410 912 2469; x_wconf 78' lang='lat' dir='ltr'><strong>carmini·</strong></span> <span class='ocrx_word' id='word_1_210' title='bbox 956 2415 957 2470; x_wconf 46' lang='grc' dir='ltr'><em>ς</em></span> 
     </span>
    </p>
   </div>
   <div class='ocr_carea' id='block_1_3' title="bbox 59 2477 957 2612">
    <p class='ocr_par' dir='ltr' id='par_1_5' title="bbox 59 2477 957 2612">
     <span class='ocr_line' id='line_1_33' title="bbox 59 2477 957 2573; baseline 0.006 -42"><span class='ocrx_word' id='word_1_211' title='bbox 59 2486 106 2573; x_wconf 46' lang='lat' dir='ltr'><strong>&#39;‘A‘&#39;</strong></span> <span class='ocrx_word' id='word_1_212' title='bbox 124 2482 209 2532; x_wconf 83' lang='lat' dir='ltr'><strong>busre</strong></span> <span class='ocrx_word' id='word_1_213' title='bbox 224 2483 423 2547; x_wconf 77' lang='lat' dir='ltr'><strong>cognoscendis</strong></span> <span class='ocrx_word' id='word_1_214' title='bbox 438 2499 550 2552; x_wconf 86' lang='lat' dir='ltr'><strong>operam</strong></span> <span class='ocrx_word' id='word_1_215' title='bbox 564 2483 664 2550; x_wconf 86' lang='lat' dir='ltr'><strong>ullam,</strong></span> <span class='ocrx_word' id='word_1_216' title='bbox 678 2490 727 2549; x_wconf 88' lang='lat' dir='ltr'><strong>aut</strong></span> <span class='ocrx_word' id='word_1_217' title='bbox 739 2485 805 2537; x_wconf 85' lang='lat' dir='ltr'><strong>stilo</strong></span> <span class='ocrx_word' id='word_1_218' title='bbox 815 2483 858 2538; x_wconf 87' lang='lat' dir='ltr'><strong>vel</strong></span> <span class='ocrx_word' id='word_1_219' title='bbox 869 2499 911 2536; x_wconf 89' lang='lat' dir='ltr'><strong>ne·</strong></span> <span class='ocrx_word' id='word_1_220' title='bbox 956 2477 957 2490; x_wconf 59' lang='lat'><em>²</em></span> 
     </span>
     <span class='ocr_line' id='line_1_34' title="bbox 65 2552 911 2612; baseline 0.005 -6"><span class='ocrx_word' id='word_1_221' title='bbox 65 2573 71 2606; x_wconf 63' lang='grc' dir='ltr'><em>ε</em></span> <span class='ocrx_word' id='word_1_222' title='bbox 106 2553 246 2606; x_wconf 51' lang='lat' dir='ltr'><strong>messario</strong></span> <span class='ocrx_word' id='word_1_223' title='bbox 258 2552 342 2605; x_wconf 90' lang='lat' dir='ltr'><strong>dedit.</strong></span> <span class='ocrx_word' id='word_1_224' title='bbox 380 2553 494 2610; x_wconf 86' lang='lat' dir='ltr'><strong>Praeter</strong></span> <span class='ocrx_word' id='word_1_225' title='bbox 504 2557 715 2611; x_wconf 85' lang='lat' dir='ltr'><strong>commentarios</strong></span> <span class='ocrx_word' id='word_1_226' title='bbox 725 2565 754 2612; x_wconf 84' lang='lat' dir='ltr'><strong>et</strong></span> <span class='ocrx_word' id='word_1_227' title='bbox 763 2564 827 2612; x_wconf 83' lang='lat' dir='ltr'><strong>sota</strong></span> <span class='ocrx_word' id='word_1_228' title='bbox 835 2557 911 2612; x_wconf 78' lang='lat' dir='ltr'><strong>&#39;llbe-</strong></span> 
     </span>
    </p>
   </div>
   <div class='ocr_carea' id='block_1_4' title="bbox 0 0 1001 2962">
    <p class='ocr_par' dir='ltr' id='par_1_6' title="bbox 0 0 1001 2962">
     <span class='ocr_line' id='line_1_35' title="bbox 0 0 1001 2962; baseline 0 0"><span class='ocrx_word' id='word_1_229' title='bbox 0 0 1001 2962; x_wconf 95' lang='lat' dir='ltr'><strong> </strong></span> 
     </span>
    </p>
   </div>
  </div>
 </body>
</html>
