1964 2970
139 89 174 141 ss
415 88 443 134 G.
468 83 659 134 surrenti

140 211 318 264 Gladiatores
327 214 424 274 notos,
445 209 535 260 sicubi
552 207 660 260 infestis
674 209 881 276 spectatoribus
900 211 956 264 di-

137 288 287 349 micarent,
306 285 336 335 vi
349 283 499 351 rapiendos
518 283 753 350 reservandosque
772 284 947 338 mandabat.

139 362 258 412 'inanes
268 371 357 426 neque
366 359 396 408 in
406 357 472 409 ludo
483 373 571 425 neque
580 373 629 424 per
638 357 768 422 lanistas,
784 359 875 430 sedin
886 359 946 412 do-

137 435 229 488 mibus
238 448 289 501 per
298 433 404 499 equites
414 431 554 484 Romanos
570 437 652 499 atque
666 432 748 483 uiam
763 433 945 500 per'senato·

138 525 183 561 res
203 522 343 559 armorum
362 507 468 574 peritos
488 506 644 569 erudiebat,
668 507 796 572 precibus
816 508 942 572 enitens,

141 582 215 651 quod
226 581 353 650 epistolis
363 581 422 632 eius
434 579 601 644 ostenditur,
612 585 644 630 ut
654 579 828 648 disciplinam
839 581 942 648 singu-

139 658 230 709 lonun
241 656 424 722 susciperent,
444 654 554 721 ipsique
568 653 674 706 dictata
684 656 875 706 exercentibus
887 657 941 706 da-

138 737 209 784 rent.
247 728 419 796 Legionibns
434 727 600 795 stipendium
613 727 643 778 in
662 735 822 796 perpetuum
843 729 941 797 dupli-

140 806 222 857 cavit.
260 803 451 866 Frumentum,
466 802 578 869 quoties
587 803 669 868 copia
679 810 763 868 esset,
779 804 863 855 etiam
875 805 941 857 sine

140 877 225 931 modo
245 891 428 944 mensuraque
444 876 585 944 praebuit3
615 891 649 927 ac
668 877 777 944 singuda
795 878 940 930 interdum

140 952 281 1019 mancipia
291 965 325 1002 ex
334 949 648 1018 praedaviritimdedit.

102 1066 108 1075 .
196 1025 311 1078 xxvll.
330 1024 373 1076 ud
386 1024 557 1078 retinendam
572 1031 663 1076 antem
677 1023 804 1093 Pompeii
816 1028 940 1078 necessi-

139 1101 264 1155 tudinem
278 1115 312 1152 ac
326 1099 495 1152 voluntatem
511 1099 667 1165 Octaviam,
688 1102 794 1152 sororis
808 1113 876 1152 suae
890 1117 941 1152 ne-

141 1182 228 1246 ptem,
240 1190 320 1244 quae
331 1175 361 1226 C.
371 1174 506 1227 Marcello
520 1181 607 1242 nupta
621 1181 691 1240 erat,
713 1175 900 1228 conditionem
913 1177 942 1227 ei

143 1250 254 1316 detulit,
276 1251 385 1318 sibique
398 1249 485 1301 liliam
499 1251 559 1302 eius
572 1251 603 1301 iu
620 1250 824 1302 matrimonium
845 1251 939 1316 petiit,

142 1325 248 1378 Fausto
273 1324 367 1378 Sullae
391 1324 567 1376 destinatam.
611 1324 743 1376 Omnibus
771 1338 836 1376 vero
861 1325 941 1374 circa

144 1415 218 1463 eum,
230 1405 313 1466 atque
323 1401 407 1452 etiam
417 1405 496 1466 perte
505 1413 606 1466 magna
616 1405 739 1464 senatus,
755 1398 878 1466 gratuito
890 1407 942 1450 aut

143 1473 198 1526 levi
216 1472 313 1526 fenore
334 1473 488 1538 obstrictis,
509 1487 543 1524 ex
562 1472 669 1538 reliquo
685 1487 794 1539 quoque
810 1472 939 1542 ordinum

97 1573 101 1582 ν
144 1561 242 1616 genere
261 1547 306 1600 vel
325 1548 458 1598 invitatos
478 1547 523 1596 vel
541 1550 639 1611 sponte
658 1545 694 1594 ad
709 1560 738 1595 se
753 1558 939 1598 commeantes

143 1623 284 1674 uberrimo
296 1621 440 1688 congiario
451 1619 682 1687 prosequebatur3
698 1617 813 1670 libertos
823 1620 938 1690 insuper

145 1697 324 1763 aemulosque
335 1695 479 1760 cariusque,
495 1697 578 1760 prout
588 1690 700 1744 domino
711 1699 864 1760 patronave
874 1711 937 1764 gra-

143 1777 189 1822 tus
205 1771 266 1838 quis
281 1775 360 1821 esset.
400 1767 471 1818 Tum
484 1782 595 1819 reorum
609 1773 658 1818 aut
676 1768 869 1820 obaeratorum
885 1778 939 1822 aut

144 1845 280 1913 prodigae
289 1841 438 1893 iuventutis
450 1841 603 1896 subsidium
617 1843 728 1894 emicum
743 1859 776 1895 ae
790 1847 938 1912 promptis

145 1921 244 1970 simum
255 1922 328 1979 erat3
346 1917 402 1966 nisi
416 1932 485 1984 quos
495 1917 609 1984 gravior
619 1918 762 1970 criminum
771 1918 834 1972 vel
825 1920 937 1986 mopiae

144 1992 305 2044 luxuriaeue
319 1991 362 2042 vis
375 1997 497 2058 urgeret,
519 2007 601 2060 quam
615 1999 647 2044 nt
664 1994 803 2045 subveniri
816 2002 936 2061 possete

146 2083 184 2119 se.
146 2065 276 2119 sellis
289 2065 372 2132 plane
385 2067 478 2134 palam
491 2067 565 2118 bello
582 2067 658 2120 civili
669 2084 738 2136 opus
749 2084 808 2120 esse
819 2067 935 2120 dicebat.

200 2140 328 2192 XXVlll.
348 2140 406 2192 Nec
416 2142 522 2194 minore
533 2141 625 2194 stridio
640 2157 718 2209 reges
733 2149 815 2210 atque
827 2145 936 2209 provin-

148 2216 206 2268 cias
216 2231 266 2284 per
274 2222 410 2266 terrarum
421 2216 515 2268 orbem
527 2216 679 2281 alliciebat,
692 2217 755 2268 aliis
767 2218 936 2285 captivorum

146 2290 237 2342 millia
251 2291 325 2349 dono
341 2288 472 2356 offerens,
495 2292 559 2342 aliis
579 2292 649 2348 citra
663 2297 774 2343 senatus
788 2292 937 2362 populique

148 2367 355 2430 atretoritatem,
371 2381 425 2433 quo
437 2366 538 2418 vellent
549 2371 576 2417 et
586 2366 695 2433 quoties
705 2365 817 2430 vellent,
834 2368 936 2418 arixilia

148 2441 332 2502 summittens3
353 2454 487 2508 superque
501 2440 600 2490 ltaliae
615 2439 823 2508 Galliarumque
843 2446 870 2492 et
888 2441 956 2492 Hi

148 2516 320 2582 spaniarum,
336 2515 418 2566 Asiae
432 2530 542 2582 quoque
553 2519 580 2565 et
590 2512 724 2565 Graeciae
735 2516 936 2582 potentissimas
955 2541 956 2602 p

147 2590 230 2642 rubes
240 2589 703 2659 praecipuisoperibusexornans:
725 2588 824 2654 donec,
840 2592 939 2660 attoni
