1964 2962
263 141 481 189 viridiariis.
516 141 594 190 GAP.
613 146 711 194 8-11.
832 142 882 196 293

95 279 210 336 qnorum
226 243 335 316 libellos
350 251 451 316 Othoni
468 262 548 315 datos
562 263 715 330 invenerat,
736 279 882 338 exposcen-

92 342 163 393 tium
182 339 305 406 praemia
324 338 360 390 ob
380 337 481 389 editam
500 338 530 388 in
544 338 626 389 caede
639 336 747 392 Galbae
761 355 882 407 operam,

7 439 8 466 r
95 414 222 482 conquiri
232 419 259 464 et
272 411 408 480 supplicio
419 412 493 463 affici
506 411 651 479 imperavit
661 429 673 466 ε,
682 413 795 480 'egregie
806 429 883 484 prqr.

93 504 141 542 sus
161 493 242 554 atque
261 485 422 553 magnifiee,
443 491 471 537 et
489 491 522 536 ut
539 487 638 537 summi
657 487 788 554 principis
808 503 883 554 spem

95 561 262 624 ostenderet,
272 561 328 612 nisi
338 565 428 611 cetera
437 560 525 627 magis
536 573 570 611 ex
578 565 679 618 nausia
688 566 715 612 et
724 561 816 628 priore
826 563 885 614 vita

94 651 154 699 sna,
166 650 247 702 qnam
258 648 291 685 ex
301 634 411 701 imperii
419 635 564 708 maiestate
574 633 711 700 gessisset.
749 634 883 703 Namque,

93 710 191 761 itinere
202 706 359 772 'inchoato,
379 721 428 782 per
446 707 550 758 mediae
571 709 696 760 civitates
714 707 770 759 riui
789 710 884 760 trium·

94 781 235 851 phantinm
246 789 408 833 recenseam
428 796 530 849 perque
548 781 661 833 flumina
681 782 884 834 delicatissimis

93 856 212 924 navigiis
223 862 250 906 et
258 855 396 906 vatianum
408 870 572 912 coronarum
581 861 680 924 genere
689 855 833 921 redimitis,
843 857 884 908 in-

93 936 137 984 ter
146 916 352 996 profruissimos
363 929 542 982 obsoniorum
553 935 709 997 apparatus,
719 930 796 982 nulla
805 930 884 982 iami-

93 1005 149 1058 liae
169 1009 217 1054 ant
235 1003 331 1054 militis
351 1003 506 1069 disciplina,
527 1004 639 1070 rapinas
659 1018 692 1054 ao
705 1004 885 1071 petulantiam

95 1079 216 1130 omnium
235 1077 265 1128 in
283 1077 376 1136 iocum
395 1083 509 1144 vertens,
520 1078 579 1144 'qui
597 1091 652 1130 non
668 1077 900 1145 contentiopulo¹

93 1151 196 1220 ubique
205 1149 314 1219 publice
324 1151 463 1216 praebito,
475 1163 650 1218 quoscunque
660 1150 798 1215 libuisset,
812 1153 842 1202 in
852 1151 884 1208 li·

94 1225 228 1278 bertatem
239 1225 410 1288 asserebant,
419 1225 533 1275 verbera
543 1230 571 1276 et
580 1215 689 1292 plagas,
700 1239 782 1292 saepe
792 1223 885 1280 vulne·

92 1314 140 1363 ra,
155 1311 348 1366 menumquam
361 1311 454 1349 necem
468 1304 703 1366 repraesentantes
717 1299 885 1350 adversanti·

95 1375 156 1426 bus.
194 1373 283 1446 thue
293 1385 418 1438 campos,
428 1371 458 1422 in
469 1367 568 1439 quibui
582 1379 730 1440 pugnatum
741 1379 794 1437 est,
807 1360 887 1436 adiit,

96 1446 273 1506 abhorrentes
293 1445 426 1514 quosdam
448 1445 714 1516 eruderatum-tabem
729 1445 886 1499 detestabili

11 1556 14 1565 =
95 1536 164 1574 vona
174 1521 336 1574 confirmare
350 1533 433 1572 ausus
444 1523 503 1580 est:
525 1515 628 1586 Optirns
639 1522 706 1572 olere
716 1521 829 1574 ordeum
839 1521 884 1574 bo-

95 1603 173 1658 stem,
189 1594 318 1647 ermelina
332 1594 420 1648 civem
458 1591 517 1645 Nec
529 1609 562 1646 eo
578 1595 667 1646 seclus
682 1590 717 1646 ad
731 1595 886 1648 leniendam

95 1670 257 1738 grauitatem
272 1669 366 1722 odoris
380 1668 526 1736 plurimum
540 1669 609 1720 meri
622 1671 766 1737 propalam
779 1669 884 1734 balusii,

7 1781 8 1792 l
95 1744 253 1810 passimque
270 1743 372 1794 divisit.
419 1742 485 1794 Pari
502 1743 623 1794 vanitate
642 1749 724 1811 atque
737 1744 886 1804 insolentia

95 1817 228 1885 lapidem,
243 1818 390 1869 memoriae
402 1813 518 1868 Oihonis
528 1817 701 1885 inscriptum,
712 1818 834 1881 intuens,
846 1817 885 1867 di·

94 1907 178 1960 gnum
189 1907 217 1942 eo
228 1888 361 1942 Mausoleo
372 1893 412 1942 ait
423 1909 431 1941 ι
448 1891 661 1959 pugionemque,
672 1905 726 1961 quo
738 1905 767 1942 se
776 1891 801 1941 is
813 1886 885 1950 oo.»

92 1966 187 2029 derat,
203 1965 232 2016 in
244 1965 469 2032 Agrippinensem
484 1963 622 2024 coloniam
638 1964 726 2025 misit,
737 1963 824 2016 Marti
839 1963 884 2017 de·

96 2039 251 2091 dicandum.
297 2037 329 2088 ln
352 2037 487 2107 Apennini
509 2028 593 2090 etiam
614 2037 688 2104 iugis
710 2037 884 2106 pervigilium

96 2128 111 2164 e
142 2118 162 2163 t.
358 2115 362 2124 “
761 2125 768 2140 ·
897 2131 901 2140 «

112 2113 200 2234 giiil.
220 2177 320 2234 Urbem
335 2195 444 2252 quoque
462 2182 498 2236 ad
513 2182 657 2236 classlenm
669 2183 791 2250 introiit,
806 2185 884 2254 paln-

95 2257 178 2308 datus
191 2235 319 2324 ferroqsie
334 2257 498 2320 succinctus,
508 2256 580 2308 inter
593 2257 672 2324 signa
683 2263 764 2326 atque
773 2259 883 2323 vexilla,

7 2333 8 2336 ’
96 2329 230 2397 sagrrlatis
242 2328 553 2394 comitibus‚aadetee‘tis
564 2331 780 2384 commilitonum
791 2334 883 2386 armis.
940 2355 943 2361 ·

92 2403 188 2478 „Magis
204 2403 301 2455 deiude
315 2404 444 2470 armagis
454 2401 529 2456 omni
539 2403 631 2458 divino
642 2401 815 2475 humanoque
824 2407 884 2460 iure
900 2467 904 2472 ,

96 2479 235 2547 neglecto,
246 2477 360 2531 Alliensi
367 2477 418 2530 *die
431 2477 620 2547 pontificatum
634 2481 786 2536 maximnm,
793 2483 883 2550 oepit:

98 2551 212 2608 comitia
225 2553 254 2604 iu
268 2552 360 2606 desem
375 2565 461 2605 annos
472 2549 621 2621 ordinavit,
632 2553 715 2625 abque
723 2561 882 2624 perpetuum

98 2628 247 2684 seruilem.
283 2625 321 2682 Et
332 2643 366 2684 ne
381 2627 426 2682 esd
439 2622 551 2684 dublum
564 2628 650 2699 foret,
661 2630 736 2702 quod
745 2631 883 2699 exemplar
