1992 2962
306 145 419 194 orno.
454 146 535 194 CAP.
554 147 636 194 a-c,
817 145 868 198 281

75 271 148 324 seris
163 267 256 322 alieni.
294 267 390 338 Neque
403 269 475 322 enirn
490 267 759 334 dissimulabamus*
767 269 866 337 princi·

71 361 144 414 peut,
155 359 182 396 sc
195 352 266 396 stare
277 358 434 418 conpectu
453 343 568 410 nihilque
582 343 696 414 referre,
711 344 744 394 nh
755 343 849 396 hme'
837 362 866 400 ιιι

72 437 140 482 nese,
150 435 187 470 aa
195 434 225 470 ιιι
227 416 295 488 sore
304 411 358 470 suh
362 417 534 470 creditoribus
544 418 656 470 caderet.
681 419 751 470 Ante
761 433 865 487 paucos
957 478 959 494 ¹

74 495 134 546 dies
145 507 224 546 servo
236 492 364 546 Caesaris
378 508 429 561 pro
443 493 590 561 impetrata
605 492 810 560 dispensatione
820 493 865 544 de-

74 570 130 621 cies
150 567 306 620 sestertium
320 574 500 632 expresserat.
538 567 602 618 Hoc
619 566 775 622 subsidium
794 567 867 618 tanti

74 641 167 708 ccepti
179 640 243 692 init.
280 640 320 691 llc
329 641 418 708 primo
430 643 550 710 quinque
560 641 781 709 speculatoribus
793 656 866 691 eom·

74 715 160 768 ιιιίιιιιι
169 721 211 766 est
219 729 276 778 res,
288 715 386 768 deinde
396 715 489 768 decem
500 716 576 780 aliis,
588 731 659 785 quos
672 715 775 782 singuli
784 715 866 766 binos

73 789 262 859 produxerant
273 806 280 839 ι
296 789 423 841 omnibns
434 791 505 842 dena
514 791 641 842 sestertia
650 796 873 860 repraesentata,¹

73 871 102 916 et
110 862 304 932 quinquagena
314 865 459 930 promissa.
479 863 532 916 Per
542 863 592 916 hos
603 863 747 916 sollicitati
756 863 866 930 reliqui,

72 953 124 992 nec
134 937 204 990 adeo
214 937 308 1002 multi,
323 935 496 990 hauddubie
509 939 624 1004 fiducia,
637 939 667 990 in
680 938 743 1008 ipse
752 936 866 1006 negotio

72 1010 323 1084 plnresaliuturos

128 1085 177 1138 vi.
199 1084 314 1138 'lulerat
328 1101 447 1151 surmus,
458 1093 522 1155 post
532 1087 710 1154 adoptionem
719 1085 867 1138 stanmca
897 1117 901 1124 ·

75 1169 133 1216 stra
144 1175 292 1248 pccnpare,
308 1161 539 1234 coenantemque'
530 1175 560 1212 ιιι
569 1159 680 1212 Palatio
692 1159 809 1212 Galbam
820 1175 866 1227 ag-

43 1301 45 1306 .
74 1229 169 1304 gredi:
198 1235 247 1286 sed
268 1227 377 1286 obstitit
395 1249 535 1301 respectus
556 1232 691 1299 cohortis,
712 1249 783 1308 quae
801 1241 868 1286 tunc

14 1367 15 1376 ,
76 1309 238 1374 excubabat,
249 1325 283 1362 ne
295 1316 455 1362 oneraretur
464 1309 582 1373 invidia,
594 1309 670 1378 quod
679 1273 802 1360 eiusdem
811 1315 867 1359 sta·

75 1385 151 1438 tione
162 1391 190 1436 et
200 1383 284 1436 barus
294 1383 385 1436 fuerat
395 1398 513 1447 occisus
525 1390 552 1434 et
561 1383 686 1434 desertus
695 1381 780 1434 Nero.
808 1383 867 1434 Me·

74 1459 153 1510 dium
177 1474 288 1529 quoque
310 1465 417 1528 tempus
439 1457 538 1524 religio
559 1465 587 1510 et
606 1457 737 1509 Seleucus
757 1457 866 1510 exemit.

75 1533 150 1600 argo
171 1533 309 1585 destinata
327 1533 384 1598 die,
404 1531 584 1601 praemonitis
604 1533 735 1596 consciis,
749 1539 781 1583 nt
795 1547 824 1582 se
838 1532 868 1582 in

13 1625 14 1628 ¹
76 1606 139 1660 foro
149 1608 200 1660 sub
211 1608 279 1662 aede
290 1607 403 1660 Sahrrni
416 1607 451 1658 ad
465 1606 626 1658 milliarium
636 1621 750 1658 aureum
760 1606 868 1674 opperi-

75 1687 181 1748 rentur,
191 1698 272 1736 mane
283 1681 400 1734 Galbam
411 1681 561 1744 salutarit3
579 1687 664 1750 utque
675 1687 867 1745 consueverat,

76 1756 174 1810 osculo
185 1763 323 1826 exceptus,
335 1759 418 1809 edam
428 1756 596 1810 sacrificanti
604 1753 738 1820 iu'terhrit,
750 1754 868 1806 audivit·

76 1847 130 1902 qne
149 1832 293 1900 praedicta
311 1829 475 1900 haruspicis.
523 1831 631 1884 Deinde
649 1829 751 1884 liberto
771 1829 868 1880 adesse

75 1903 243 1959 architectos
272 1907 433 1972 euadente,
463 1906 539 1974 qnod
561 1907 670 1974 siguum
694 1909 868 1967 convenerat,

77 1980 160 2048 quasi
172 1981 295 2033 venalem
311 1981 422 2032 domum
435 1981 609 2049 inspecturus
624 1979 769 2043 abscessit,
778 1977 869 2046 prori-

75 2055 193 2125 puitque
215 2071 245 2108 se
267 2055 377 2122 postica
398 2061 478 2123 parte
500 2054 604 2116 Palatii
623 2053 660 2106 ad
679 2053 868 2106 constitutum.

75 2127 250 2180 Alliiebrem
263 2127 408 2178 simulasse
422 2129 511 2192 aiunt,
530 2143 645 2195 eamque
664 2127 871 2180 exeusationem
942 2122 949 2140 “

74 2201 213 2272 proximis
226 2200 384 2264 mandasse,
403 2202 428 2253 si
441 2209 627 2271 quaereretur.
665 2203 745 2254 lunc
759 2201 870 2253 abditus

76 2288 197 2348 propere
209 2275 338 2326 muliebri
351 2274 442 2326 sella
433 2291 463 2326 ιιι
477 2282 568 2328 castra
582 2277 741 2328 contendit.
762 2291 795 2328 ac
805 2274 870 2326 deli·

77 2348 215 2402 cientibus
228 2347 390 2413 lecticariis,
411 2365 496 2418 quum
509 2349 693 2402 descendisset
707 2360 872 2438 cprmmque

76 2417 208 2494 cepisset,
223 2423 319 2476 laxato
334 2423 427 2476 calceo
440 2424 555 2487 restitit,
567 2423 667 2487 donec,
680 2424 783 2476 onrissa
792 2437 872 2476 mora

75 2500 262 2565 succollatus,
276 2507 304 2554 et
318 2515 335 2552 a
348 2506 491 2570 praesente
502 2498 637 2551 comitatu
646 2498 797 2566 imperator
807 2511 872 2550 con·

75 2575 237 2642 salutatus,
256 2577 329 2630 inter
347 2575 454 2629 faustas
474 2573 687 2628 acclamationes
707 2573 873 2640 strictosque

75 2651 190 2724 gladios
205 2652 241 2708 nd
254 2652 392 2724 principis
405 2650 526 2720 desinit,
538 2647 621 2704 ebrie
632 2662 743 2719 quoque
755 2660 813 2700 non
823 2645 874 2700 ali·
