1986 2960
158 97 162 182 J
220 71 476 156 ocrnvmuus.
512 105 724 152 car.os·-es.
835 103 868 154 ⁸⁷

81 229 264 299 etdiseiplina
274 229 382 294 domna·
389 228 503 282 femma
512 227 645 279 destituit.
677 225 868 293 inbecillam

80 313 106 357 et
116 310 237 372 neptem,
249 304 374 356 omnibus
384 303 494 371 probris
504 299 716 365 contaminatas,
726 301 867 370 relegavit.

80 379 176 430 Gaium
195 383 222 429 et
236 375 353 448 Luscium
371 377 402 427 in
421 375 611 440 duodeviginti
628 374 761 425 mensium
775 377 867 442 qatio

81 452 172 510 amisit
183 446 288 514 ambos,
299 450 368 502 Gaio
378 448 511 516 inLycia,
521 447 609 499 Lucio
619 445 763 499 Massiliae
771 437 867 501 tenn-

80 525 140 576 etis.
178 524 303 574 Tertium
317 529 443 592 nepotem
453 523 614 589 Agrippam,
634 520 769 590 simulque
784 522 867 589 privi-
923 533 925 540 ‘

78 612 161 666 gnum
172 597 313 649 Tiberium
327 596 473 664 adoptavit
483 597 513 648 in
527 595 590 646 foro
601 595 661 662 lege
670 595 787 646 curlatm
824 595 868 647 Ex

78 671 179 739 quibus
187 670 334 737 Agrippam
344 670 422 722 brevi
432 670 467 722 ob
479 668 618 736 ingenium
633 667 775 720 sordidum
786 682 819 721 ac
827 668 867 722 fe·
903 705 907 714 .

78 758 130 798 rex
151 743 302 807 abdicavit,
322 745 497 813 seposuitque
513 743 680 796 Surrentum.
717 741 866 811 Aliquanto

11 839 12 842 ¹
78 823 169 870 autem
188 818 337 885 patientius
354 823 483 882 mortem,
504 832 585 886 quam
605 816 741 868 dedecora
754 830 867 869 suorum

77 891 150 942 tulit.
189 889 260 942 Nam
271 891 332 942 Caii
342 890 477 960 Luciique
487 905 553 943 casu
562 905 618 942 non
628 890 697 942 adeo
708 889 821 957 iremus,
833 889 867 941 de

78 965 137 1016 filia
147 964 244 1016 absens
255 979 288 1017 ac
297 964 391 1017 libello
402 980 452 1034 per
461 971 634 1033 quaestorem
644 963 760 1016 recitato
769 970 866 1017 notum

77 1038 187 1090 senatui
198 1036 278 1102 fecit,
298 1039 485 1108 abstinuitque
504 1052 651 1105 congressu
663 1034 803 1090 bominum
819 1037 868 1088 diu

77 1127 143 1180 prae
158 1111 277 1178 pudore3
296 1113 379 1164 etiam
394 1113 428 1165 de
441 1112 564 1164 necanda
579 1108 748 1162 deliberavit.
788 1109 867 1161 Certe

78 1201 160 1255 quum
170 1185 221 1236 sub
230 1183 303 1237 idem
313 1192 420 1254 tempus
428 1200 527 1244 unaex
538 1183 656 1236 consuis
665 1181 773 1246 liberta,
778 1180 866 1234 Phoe·

76 1260 118 1324 ba,
130 1259 278 1327 susspendio
288 1260 373 1312 vitam
384 1259 496 1323 finisset,
508 1255 633 1308 Meleissa
642 1271 677 1318 re,
689 1255 737 1321 ait,
749 1253 867 1320 Pbocbes

73 1331 279 1403 patremfuime.
313 1333 461 1400 Relegatae
470 1347 549 1382 usum
559 1329 617 1380 viui
628 1343 788 1398 omnemque
797 1329 865 1382 deli·

77 1408 209 1478 catiorem
220 1407 321 1459 cultum
336 1407 450 1458 ademit:
469 1419 557 1473 neque
572 1401 646 1476 adiri
657 1416 675 1452 a
688 1403 818 1471 quopiam
833 1403 866 1462 li·

75 1482 142 1533 bero
151 1496 299 1550 servoque,
314 1481 369 1532 nisi
379 1495 408 1532 se
419 1478 559 1542 consulto,
574 1476 710 1545 permisit3
730 1483 758 1530 et
767 1478 820 1542 itu,
835 1482 867 1529 ut

76 1555 178 1608 certior
188 1554 276 1620 tieret,
293 1571 348 1624 qua
356 1555 496 1617 mactate,
510 1553 566 1620 qu'a
575 1555 693 1615 statura,
705 1565 759 1619 quo
771 1551 866 1604 colore

75 1634 160 1692 esset,
181 1628 263 1680 etiam
277 1630 377 1699 quibus
391 1627 516 1698 corporis
529 1625 603 1678 notis
616 1623 662 1676 rel
681 1625 864 1677 cicatricibus.

73 1701 144 1755 Post
154 1703 367 1771 quinquennium
378 1702 485 1755 demum
495 1715 529 1752 ex
538 1699 630 1751 insula
638 1698 865 1762 incontinentem,

72 1776 280 1844 lenioribusque
293 1776 388 1845 paullo
404 1774 620 1839 conditionibus,
639 1772 782 1824 uantulit
794 1785 864 1823 esur.

74 1849 146 1903 Nam
159 1856 192 1901 ut
205 1851 316 1902 omniuo
330 1854 486 1912 revocaret,
507 1847 618 1900 exorari
630 1845 708 1897 nullo
722 1844 806 1897 ruodo
816 1859 866 1911 po·

75 1925 138 1988 tuit,
150 1923 307 1991 deprecanti
317 1939 398 1990 saepe
408 1922 511 1992 populo
517 1920 652 1984 Romano,
662 1924 690 1971 et
698 1918 866 1985 pertinacius

74 1998 204 2062 instanti,
225 1999 291 2050 tales
301 1997 378 2066 filim
397 1998 511 2063 talesque
530 1993 654 2062 coniuges
666 2006 717 2058 pro
733 1991 866 2042 concione

73 2073 249 2141 imprecatus.
287 2071 331 2122 Ex
343 2076 424 2138 nepte
436 2070 508 2121 iulia
521 2073 586 2135 post
595 2064 798 2118 damnationem
809 2063 865 2116 edl-

73 2151 137 2198 tum·
145 2144 278 2196 infantem
294 2145 408 2212 agnosci
422 2145 515 2213 alique
527 2141 626 2194 vetuit.
661 2138 811 2206 Agrippam
824 2138 865 2190 ni·

73 2218 131 2272 bilo
143 2218 369 2282 tractabiliorem,
380 2219 436 2271 imo
446 2219 476 2268 iu
486 2217 545 2268 dies
555 2209 743 2276 amentiorem,
751 2212 781 2263 in
791 2212 865 2264 insu
917 2263 922 2276 ‚

71 2291 128 2346 lam
142 2293 355 2359 uansportavit,
375 2293 514 2360 sepsitque
527 2289 640 2356 insuper
653 2285 780 2338 mutodia
793 2286 865 2338 mili·

68 2374 139 2420 tum.
180 2366 261 2416 Cavit
270 2367 353 2417 etiam
363 2372 474 2416 senatres
486 2361 625 2426 consulto,
644 2364 677 2412 ut
690 2360 786 2412 eodem
801 2359 864 2414 loco

68 2442 98 2493 in
109 2443 274 2509 perpetuum
285 2439 483 2501 contineretur3
503 2442 586 2506 atque
601 2435 636 2486 ad
652 2448 758 2486 omnem
769 2439 797 2486 et
806 2433 866 2500 elus

69 2507 865 2644 etpubliarummentionemingemiscens,proclamareetiam

67 2604 128 2644 soe
150 2595 192 2641 at:
934 2587 938 2598 ·
