1964 2970
127 141 131 156 Ι
152 71 185 122 Μ
211 65 212 71 ¹
426 72 467 118 o·
482 71 667 120 surremit

151 195 239 246 Bruto
250 194 367 266 irruenti
377 193 488 258 dixisse,
500 192 545 252 xci
552 189 591 251 σύ,
601 191 702 252 ricveo,-
720 191 878 258 uxennnis,
896 193 977 246 dif-

150 267 449 336 fugientibuscunctis‚
470 267 641 336 aliquamdiu
649 268 749 331 iacuit,
770 267 859 318 donec
869 267 977 322 lecti.

152 358 201 394 cae
210 344 383 410 impositum,
399 342 566 408 dependente
575 340 703 404 brachio,
714 347 771 392 tres
781 340 886 394 servuli
898 343 974 396 do.

150 417 394 468 mumretulerunt.
432 415 490 467 Nec
499 417 528 466 in
537 421 581 467 tot
589 416 756 478 uulneribus,
766 420 798 464 nt
807 414 972 471 Antistius

151 491 276 542 medicas
285 491 474 554 existimabat,
485 490 568 541 letale
577 490 663 540 ullum
674 495 810 556 repertum
820 494 878 552 est,
890 491 971 545 nisi

152 564 227 632 quod
245 565 365 616 sectrndo
386 565 449 616 loco
469 565 499 615 in
518 566 630 631 pectore
650 569 801 630 acceperet.
839 561 971 618 Fuerat

152 639 259 689 animus
271 639 435 701 coniuratis,
447 653 548 704 corpus
558 638 644 688 occisi
653 639 682 688 iu
692 636 814 687 Tiberim
823 633 966 705 trahere,

150 712 226 836 ffina
235 711 390 778 publicare,
406 710 647 762 actarescinderet
666 709 714 762 sed
724 709 798 760 hretu
807 709 847 760 tl.
859 710 964 765 Anto.

201 785 322 836 consulis
333 785 495 851 etmagistri
504 785 625 851 equitum
636 782 737 852 Lepidi
747 783 927 836 destiterunt.

206 857 359 910 Lxxxlm
378 857 540 910 Postulante
550 871 615 924 ergo
627 856 661 909 L.
672 856 772 910 Pisone
783 871 893 921 socero,
905 865 961 912 te.

152 935 315 990 stamentum
331 932 389 982 eius
399 933 526 1000 'aperitur
539 932 723 998 recitaturque
733 932 762 982 in
772 931 886 982 Antonii
897 932 961 984 do-

151 1021 212 1070 mo,
233 1004 308 1073 qnod
317 1004 411 1057 Idibus
422 1005 626 1076 Septembribus
639 1005 773 1073 proximis
788 1006 817 1056 iu
826 1003 961 1058 Lorica-

151 1094 188 1132 no
200 1095 250 1133 suo
260 1079 372 1143 lomet,
385 1078 649 1146 demandaueratque
658 1080 759 1146 virgini
772 1077 877 1130 Vestali
886 1095 959 1132 ma.

105 1185 114 1196 ι
151 1154 252 1206 mmm.
277 1152 325 1215 ‘Q
337 1153 447 1206 Tubero
458 1153 557 1217 tradit,
578 1152 704 1206 heredem
714 1154 748 1204 ab
759 1167 792 1204 eo
803 1149 893 1203 r‘cribi
902 1169 960 1207 so.

120 1293 124 1300 ⁸
152 1228 245 1291 litum,
266 1241 300 1280 ex
315 1227 462 1279 consulatu
474 1228 562 1294 ipsius
577 1228 666 1294 primo
681 1241 767 1294 usque
784 1226 818 1276 ad
833 1227 960 1282 britium

152 1301 243 1353 civilis
261 1300 342 1366 belli,
363 1302 412 1352 Gn.
431 1300 606 1368 Pompeium
635 1302 719 1369 idque
738 1300 873 1351 militibus
893 1315 958 1368 pro

154 1376 449 1427 concinnereeitatum.
489 1375 543 1428 Sed
552 1376 703 1427 novissimo
712 1379 877 1426 testamento
887 1381 958 1429 tres

152 1449 273 1499 institnit
282 1446 409 1511 heredes,
429 1463 556 1510 sororum
565 1454 691 1515 nepotes,
714 1449 744 1500 C.
756 1448 903 1499 Octavium
915 1463 959 1504 ex

154 1521 298 1585 domante,
309 1529 337 1572 et
346 1520 379 1571 L.
390 1521 532 1572 Pinarium
542 1528 570 1572 et
579 1522 613 1583 Q.
625 1522 738 1574 Pedium
749 1535 783 1573 ex
793 1521 958 1589 quadrante

132 1639 136 1642 .
154 1595 276 1662 reliquo:
296 1596 326 1645 ln
341 1595 512 1648 iniecerat).
525 1595 956 1650 Octamblmetiaminiamiliam
976 1607 977 1616 ¹

130 1689 135 1693 ·
153 1683 307 1735 nomenque
323 1668 478 1734 adoptavit:
499 1668 645 1738 pluresque
659 1685 850 1738 percussorum
863 1669 893 1720 in
904 1677 956 1722 tu-

153 1743 262 1796 toribus
272 1742 337 1806 lilii,
359 1743 455 1809 siquis
465 1743 519 1795 sibi
534 1751 704 1808 nasceretur,
723 1744 889 1796 nominavit:
912 1744 955 1800 D.

155 1817 271 1869 Brutum
281 1817 365 1868 etiam
380 1815 410 1868 in
424 1817 551 1869 secundis
566 1817 720 1870 heredibus.
758 1817 866 1884 Populo
882 1815 955 1870 hor-

155 1897 200 1944 tos
212 1891 286 1942 circa
295 1891 418 1942 Tiberim
429 1891 552 1957 publice,
564 1898 591 1945 et
600 1893 704 1944 viritim
713 1898 838 1943 trecenos
849 1897 955 1963 secter.

155 1965 220 2028 ties,
230 1965 340 2030 legavit.
815 1977 817 1980 ·

122 2093 126 2101 s
212 2037 363 2093 LXXXIV.
383 2038 616 2102 Funereindicto,
636 2053 724 2106 rogus
736 2044 890 2090 exstructus
907 2049 957 2095 est

155 2113 185 2164 in
195 2112 298 2166 Martio
311 2113 427 2181 Campo,
442 2115 522 2166 iuxta
531 2113 618 2164 Iuliae
626 2113 773 2164 tumulum:
793 2120 822 2164 et
834 2127 886 2180 pro
902 2129 956 2168 ro.
976 2115 977 2120 ’

155 2187 221 2239 stris
232 2193 330 2238 aurata
340 2188 422 2240 aedes
433 2189 468 2239 ad
478 2187 653 2239 simulacrum
663 2186 759 2253 templi
768 2185 883 2238 Veneris
892 2187 953 2242 Ge.

156 2261 263 2312 nitribis
273 2261 424 2326 collocata3
443 2263 569 2328 intraque
579 2260 666 2312 lechis
676 2261 823 2324 eburneus,
835 2274 903 2312 auro
917 2277 954 2315 ac

156 2350 279 2402 purpura
289 2340 405 2400 stratus,
417 2336 489 2387 etad
501 2341 583 2402 caput
591 2339 808 2402 tropaenmcum
818 2340 906 2398 reste,
919 2337 951 2388 in

157 2425 211 2476 qua
226 2409 317 2461 fuerat
336 2409 453 2460 occisus.
493 2408 713 2461 Praeferentibds
734 2423 859 2472 munera,
880 2411 952 2476 quia

114 2499 118 2507 ’
156 2482 320 2536 suffecturus
331 2483 390 2534 dies
403 2499 460 2534 non
473 2483 632 2550 videbatur,
651 2489 827 2552 praeceptum
843 2489 896 2547 est,
916 2481 952 2536 ut

154 2559 260 2610 onrisso
271 2557 380 2627 ordine,
401 2557 501 2624 quibus
516 2559 632 2626 quisque
646 2559 728 2612 vellet
741 2558 887 2612 itineribus
897 2560 950 2613 Ur-

209 2798 232 2836 Χ
