1964 2970
158 126 286 174 IULIUS
312 125 463 174 CAESAR.
500 126 714 174 GKRH-26.
801 127 833 180 13

40 253 114 320 perio
124 249 194 315 init,
214 249 284 302 haec
293 247 362 300 iere.
401 248 513 300 Omnem
525 247 658 314 Galliam,
680 251 833 318 quoesaltu

38 326 182 394 Pyrenaeo
194 324 365 392 Alpibusque
380 328 408 374 et
419 329 513 376 monte
524 321 655 374 Gcbenna
663 325 832 376 fluminibus·
849 325 857 337 “

40 417 89 469 que
98 398 197 452 Rheno
209 405 237 450 et
246 395 384 449 Rhodano
396 397 563 462 continetur,
574 403 704 466 patetque
716 399 832 452 circuitu

41 476 72 526 ad
81 476 126 526 bis
138 479 166 526 et
175 473 271 524 tricies
282 476 390 524 centum
405 471 494 522 millia
507 487 652 538 passuum,
665 478 776 539 praeter
786 489 829 526 so·

39 552 93 600 cias
104 564 139 600 ac
147 548 219 600 bene
229 547 345 598 meritos
354 545 493 609 civitates,
504 546 534 596 in
543 547 704 612 provinciae
713 545 830 599 formam

37 623 155 690 redegit,
176 622 258 688 eique
271 618 495 688 quadringenties
510 620 540 670 in
549 620 675 688 singulos
686 635 772 672 annos
783 622 830 672 sti·

36 697 130 765 pendii
138 696 253 748 nomine
262 693 404 760 imposuit.
444 691 605 758 Germanos,
618 695 666 762 qui
674 701 751 746 trans
761 693 830 746 Rbe-

37 788 98 824 num
111 762 255 832 incolubt,
276 769 380 835 primus
394 767 580 820 Romanorum
595 775 678 835 ponte
693 768 829 820 fabricato

16 875 18 886 ι
38 843 328 913 aggressus,maximis
340 841 577 896 affecitcladibus.
597 844 748 911 Aggressus
758 841 828 913 [est]

39 918 239 982 etBritannos,
259 918 372 984 ignotos
384 921 479 979 anteo3
499 919 689 985 superatisque
699 919 830 986 pecunias

38 1001 63 1045 et
73 993 187 1046 obsides
197 992 356 1059 imperavit:
376 1007 425 1058 per
433 995 478 1042 tot
487 1006 628 1044 successus
638 999 693 1057 tor,
710 1008 760 1044 nec
775 1007 831 1044 am·

16 1121 17 1130 ἵ
37 1068 117 1136 plius,
130 1067 277 1118 adversum
289 1079 384 1126 casum
393 1071 535 1133 expertus:
545 1066 733 1131 inBritaunia,
745 1066 832 1118 classe

38 1145 65 1194 vi
73 1141 248 1209 tempestatis
259 1154 347 1207 prope
357 1140 515 1206 absumpto,
528 1140 592 1192 etin
604 1139 707 1204 Gallio,
719 1140 755 1190 ad
766 1137 832 1190 Ger-

39 1217 150 1283 goviam
159 1215 271 1282 legione
280 1213 357 1276 fusa3
378 1221 405 1264 et
413 1214 443 1264 in
455 1213 654 1265 Germanourm
666 1213 775 1277 tinibus,
786 1213 839 1286 Ti..

16 1343 17 1360 χ
39 1291 112 1342 turio
124 1295 153 1341 et
161 1287 348 1340 Aurunculeio
360 1288 459 1354 legetis
469 1303 518 1355 per
528 1288 646 1338 insidias
657 1288 754 1339 caesis.

94 1363 197 1415 xxvi.
217 1362 324 1415 Eodem
338 1363 470 1430 temporis
486 1363 578 1429 spatio
599 1369 713 1414 matrem
733 1363 832 1430 primo,
868 1378 871 1382 ’
946 1429 953 1444 ⁴

40 1439 139 1490 deinde
150 1438 250 1502 liliam,
271 1452 322 1488 nec
332 1436 418 1488 multo
429 1443 494 1504 post
508 1441 634 1504 nepotem
650 1439 751 1489 emisit.
790 1437 832 1490 lu-

39 1521 82 1565 ter
101 1527 186 1580 qnae,
208 1517 385 1564 consternata
404 1510 435 1562 P.
457 1511 551 1562 Clodii
575 1511 658 1564 caede
681 1513 832 1580 republica,

16 1577 19 1602 ¹
39 1603 124 1654 quum
144 1592 256 1638 senatus
274 1601 359 1636 uuum
379 1585 532 1650 consulem,
553 1587 769 1654 nominatimque
784 1587 833 1638 Cn.

38 1660 211 1728 Pompeium,
222 1661 284 1712 fieri
296 1661 455 1723 censuisset,
468 1661 524 1726 egit
535 1675 594 1711 cum
606 1663 724 1714 tribunis
734 1661 833 1729 plebis,

41 1735 175 1803 collegam
186 1751 216 1787 se
225 1734 360 1802 Pompeio
373 1725 582 1799 destinantibus,
593 1736 622 1786 id
632 1737 726 1803 potius
738 1735 774 1786 ad
783 1751 832 1804 po·

38 1810 134 1878 pulum
147 1809 264 1871 ferrent,
284 1815 316 1860 ut
331 1809 439 1860 absenti
458 1809 525 1872 sibi,
547 1811 711 1878 quandoque
724 1811 835 1877 imperii

39 1891 148 1952 tempus
158 1884 266 1951 expleri
277 1883 426 1950 coepisset,
443 1884 539 1949 petitio
551 1885 665 1936 secundi
676 1884 835 1936 consulatus

39 1959 165 2023 (luetur,
186 1974 220 2010 ne
234 1971 269 2010 ea
284 1972 370 2010 cerua
383 1957 517 2012 maturius
533 1963 561 2008 et
574 1957 734 2026 imperfecto
746 1955 836 2030 adhuc

38 2032 112 2084 bello
134 2033 288 2084 decederet.
329 2031 410 2093 Quod
424 2036 456 2083 ut
466 2029 581 2098 adeptus
592 2039 645 2096 est,
668 2032 835 2084 altioraiam

38 2107 176 2160 meditans
187 2113 215 2159 et
224 2106 286 2174 spei
295 2104 405 2172 plenus,
427 2105 532 2156 nullum
546 2106 704 2174 largitionis
719 2111 766 2156 aut
777 2107 839 2170 olii-2

40 2183 147 2234 eiorrrnr
167 2182 198 2232 iu
218 2195 383 2248 quemqnam
408 2195 494 2247 genus
518 2181 628 2246 publice
653 2181 836 2250 privatimque

41 2257 145 2308 omisit.
184 2255 290 2306 Forum
306 2255 340 2305 de
354 2252 661 2309 manubiisinchoavit:
683 2255 760 2307 cuius
772 2271 837 2309 area

16 2361 19 2384 ›
42 2345 126 2397 snper
145 2329 304 2382 sestertium
323 2328 425 2380 millies
445 2328 578 2380 constitit.
616 2329 717 2382 Munus
732 2332 837 2400 populo

42 2404 207 2471 epulumque
221 2403 417 2470 pronunciavit
429 2403 459 2452 in
475 2401 549 2452 tiliae
565 2405 739 2469 memorium,
761 2406 839 2474 quod

42 2484 104 2530 ante
119 2494 183 2530 eum
198 2491 289 2528 nemo.
330 2477 453 2539 Quorum
468 2482 500 2528 ut
515 2491 597 2542 quam
612 2480 732 2530 maxime
743 2495 837 2545 exspo-

43 2552 127 2606 etutio
139 2557 222 2616 esset,
235 2567 270 2602 ea·
278 2566 349 2618 quae
361 2550 396 2602 nd
407 2550 517 2616 epulum
529 2553 702 2616 pertinerent,
715 2547 840 2618 quamvis

16 2683 18 2698 .
42 2625 452 2688 macellariisobloontuetinm
465 2623 666 2690 domesticatim
679 2624 840 2690 apparabat.
