<?xml version="1.0" encoding="UTF-8"?>
<!DOCTYPE html PUBLIC "-//W3C//DTD XHTML 1.0 Transitional//EN"
    "http://www.w3.org/TR/xhtml1/DTD/xhtml1-transitional.dtd">
<html xmlns="http://www.w3.org/1999/xhtml" xml:lang="en" lang="en">
 <head>
  <title>
</title>
<meta http-equiv="Content-Type" content="text/html;charset=utf-8" />
  <meta name='ocr-system' content='tesseract 3.04.00' />
  <meta name='ocr-capabilities' content='ocr_page ocr_carea ocr_par ocr_line ocrx_word'/>
</head>
<body>
  <div class='ocr_page' id='page_1' title='image "./csuetoniitranqu00weisgoog_0087.png"; bbox 0 0 1964 2970; ppageno 0'>
   <div class='ocr_carea' id='block_1_1' title="bbox 187 83 838 139">
    <p class='ocr_par' dir='ltr' id='par_1_1' title="bbox 187 83 838 139">
     <span class='ocr_line' id='line_1_1' title="bbox 187 83 838 139; baseline 0.014 -10"><span class='ocrx_word' id='word_1_1' title='bbox 187 83 443 132; x_wconf 67' lang='lat' dir='ltr'><strong>octavianus.</strong></span> <span class='ocrx_word' id='word_1_2' title='bbox 480 85 559 133; x_wconf 78' lang='lat' dir='ltr'><strong>GAP.</strong></span> <span class='ocrx_word' id='word_1_3' title='bbox 577 89 693 138; x_wconf 73' lang='lat' dir='ltr'><strong>41-r48.</strong></span> <span class='ocrx_word' id='word_1_4' title='bbox 806 88 838 139; x_wconf 74' lang='lat'><strong>75</strong></span> 
     </span>
    </p>
   </div>
   <div class='ocr_carea' id='block_1_2' title="bbox 21 203 899 2630">
    <p class='ocr_par' dir='ltr' id='par_1_2' title="bbox 57 203 840 278">
     <span class='ocr_line' id='line_1_2' title="bbox 57 203 840 278; baseline 0.005 -20"><span class='ocrx_word' id='word_1_5' title='bbox 57 203 351 274; x_wconf 78' lang='lat' dir='ltr'><strong>qoiooertumlsaberet,</strong></span> <span class='ocrx_word' id='word_1_6' title='bbox 368 206 675 278; x_wconf 77' lang='lat' dir='ltr'><strong>posseperambs&#39;tionem</strong></span> <span class='ocrx_word' id='word_1_7' title='bbox 686 209 840 277; x_wconf 64' lang='lat' dir='ltr'><strong>modoque</strong></span> 
     </span>
    </p>

    <p class='ocr_par' dir='ltr' id='par_1_3' title="bbox 55 265 838 349">
     <span class='ocr_line' id='line_1_3' title="bbox 55 265 838 349; baseline 0.005 -17"><span class='ocrx_word' id='word_1_8' title='bbox 55 279 163 332; x_wconf 77' lang='lat' dir='ltr'><strong>restitui.</strong></span> <span class='ocrx_word' id='word_1_9' title='bbox 202 279 288 346; x_wconf 76' lang='lat' dir='ltr'><strong>Atque</strong></span> <span class='ocrx_word' id='word_1_10' title='bbox 298 280 339 329; x_wconf 86' lang='lat' dir='ltr'><strong>ita</strong></span> <span class='ocrx_word' id='word_1_11' title='bbox 348 265 465 345; x_wconf 83' lang='lat' dir='ltr'><strong>posthae</strong></span> <span class='ocrx_word' id='word_1_12' title='bbox 478 295 534 331; x_wconf 91' lang='lat' dir='ltr'><strong>rem</strong></span> <span class='ocrx_word' id='word_1_13' title='bbox 549 277 723 349; x_wconf 81' lang='lat' dir='ltr'><strong>temperarit,</strong></span> <span class='ocrx_word' id='word_1_14' title='bbox 742 290 838 336; x_wconf 87' lang='lat' dir='ltr'><strong>utnon</strong></span> 
     </span>
    </p>

    <p class='ocr_par' dir='ltr' id='par_1_4' title="bbox 51 353 861 480">
     <span class='ocr_line' id='line_1_4' title="bbox 53 353 861 468; baseline 0.004 -61"><span class='ocrx_word' id='word_1_15' title='bbox 53 356 182 407; x_wconf 78' lang='lat' dir='ltr'><strong>minorem</strong></span> <span class='ocrx_word' id='word_1_16' title='bbox 202 358 341 404; x_wconf 88' lang='lat' dir='ltr'><strong>aratorum</strong></span> <span class='ocrx_word' id='word_1_17' title='bbox 362 367 395 404; x_wconf 86' lang='lat' dir='ltr'><strong>ao</strong></span> <span class='ocrx_word' id='word_1_18' title='bbox 413 353 624 420; x_wconf 73' lang='lat' dir='ltr'><strong>negotiantium,</strong></span> <span class='ocrx_word' id='word_1_19' title='bbox 645 368 727 421; x_wconf 90' lang='lat' dir='ltr'><strong>quam</strong></span> <span class='ocrx_word' id='word_1_20' title='bbox 741 357 838 468; x_wconf 89' lang='lat' dir='ltr'><strong>populi</strong></span> <span class='ocrx_word' id='word_1_21' title='bbox 858 403 861 411; x_wconf 26' lang='grc' dir='ltr'>ι</span> 
     </span>
     <span class='ocr_line' id='line_1_5' title="bbox 51 426 313 480; baseline -0.016 0"><span class='ocrx_word' id='word_1_22' title='bbox 51 430 184 480; x_wconf 78' lang='lat' dir='ltr'><strong>rationem</strong></span> <span class='ocrx_word' id='word_1_23' title='bbox 194 426 313 477; x_wconf 89' lang='lat' dir='ltr'><strong>duceret</strong></span> 
     </span>
    </p>

    <p class='ocr_par' dir='ltr' id='par_1_5' title="bbox 23 459 838 566">
     <span class='ocr_line' id='line_1_6' title="bbox 23 459 838 566; baseline 0.004 -15"><span class='ocrx_word' id='word_1_24' title='bbox 23 555 25 564; x_wconf 52' lang='lat'><strong>,</strong></span> <span class='ocrx_word' id='word_1_25' title='bbox 103 499 203 552; x_wconf 78' lang='lat' dir='ltr'><strong>XLlll.</strong></span> <span class='ocrx_word' id='word_1_26' title='bbox 224 498 447 566; x_wconf 74' lang='lat' dir='ltr'><strong>Spectaculorum</strong></span> <span class='ocrx_word' id='word_1_27' title='bbox 458 505 485 552; x_wconf 91' lang='lat' dir='ltr'><strong>et</strong></span> <span class='ocrx_word' id='word_1_28' title='bbox 495 499 658 552; x_wconf 77' lang='lat' dir='ltr'><strong>assiduitate</strong></span> <span class='ocrx_word' id='word_1_29' title='bbox 668 507 696 553; x_wconf 88' lang='lat' dir='ltr'><strong>et</strong></span> <span class='ocrx_word' id='word_1_30' title='bbox 704 459 838 554; x_wconf 74' lang='lat' dir='ltr'><strong>varietate</strong></span> 
     </span>
    </p>

    <p class='ocr_par' dir='ltr' id='par_1_6' title="bbox 22 573 837 660">
     <span class='ocr_line' id='line_1_7' title="bbox 22 573 837 660; baseline -0.002 -33"><span class='ocrx_word' id='word_1_31' title='bbox 22 581 24 642; x_wconf 61' lang='lat' dir='ltr'><strong>i</strong></span> <span class='ocrx_word' id='word_1_32' title='bbox 52 583 132 643; x_wconf 84' lang='lat' dir='ltr'><strong>atque</strong></span> <span class='ocrx_word' id='word_1_33' title='bbox 145 573 357 660; x_wconf 41' lang='lat' dir='ltr'><strong>magnificentia·</strong></span> <span class='ocrx_word' id='word_1_34' title='bbox 363 589 456 624; x_wconf 89' lang='lat' dir='ltr'><strong>omnes</strong></span> <span class='ocrx_word' id='word_1_35' title='bbox 476 574 630 626; x_wconf 73' lang='lat' dir='ltr'><strong>antecessit</strong></span> <span class='ocrx_word' id='word_1_36' title='bbox 668 575 779 628; x_wconf 82' lang='lat' dir='ltr'><strong>Fecisse</strong></span> <span class='ocrx_word' id='word_1_37' title='bbox 797 576 837 626; x_wconf 90' lang='lat' dir='ltr'><strong>lu-</strong></span> 
     </span>
    </p>

    <p class='ocr_par' dir='ltr' id='par_1_7' title="bbox 21 647 899 2630">
     <span class='ocr_line' id='line_1_8' title="bbox 21 647 836 716; baseline -0.001 -15"><span class='ocrx_word' id='word_1_38' title='bbox 21 670 22 686; x_wconf 55' lang='lat'><em>*</em></span> <span class='ocrx_word' id='word_1_39' title='bbox 51 651 100 701; x_wconf 86' lang='lat' dir='ltr'><strong>dos</strong></span> <span class='ocrx_word' id='word_1_40' title='bbox 110 663 148 710; x_wconf 89' lang='lat' dir='ltr'><strong>se,</strong></span> <span class='ocrx_word' id='word_1_41' title='bbox 160 648 212 710; x_wconf 83' lang='lat' dir='ltr'><strong>ait,</strong></span> <span class='ocrx_word' id='word_1_42' title='bbox 223 661 273 698; x_wconf 88' lang='lat' dir='ltr'><strong>suo</strong></span> <span class='ocrx_word' id='word_1_43' title='bbox 284 647 393 698; x_wconf 91' lang='lat' dir='ltr'><strong>nomine</strong></span> <span class='ocrx_word' id='word_1_44' title='bbox 405 653 514 713; x_wconf 83' lang='lat' dir='ltr'><strong>quater3</strong></span> <span class='ocrx_word' id='word_1_45' title='bbox 534 663 584 714; x_wconf 92' lang='lat' dir='ltr'><strong>pro</strong></span> <span class='ocrx_word' id='word_1_46' title='bbox 596 649 659 699; x_wconf 89' lang='lat' dir='ltr'><strong>aliis</strong></span> <span class='ocrx_word' id='word_1_47' title='bbox 669 649 836 716; x_wconf 85' lang='lat' dir='ltr'><strong>magistrati·</strong></span> 
     </span>
     <span class='ocr_line' id='line_1_9' title="bbox 50 720 835 787; baseline 0 -13"><span class='ocrx_word' id='word_1_48' title='bbox 50 724 107 786; x_wconf 91' lang='lat' dir='ltr'><strong>bus,</strong></span> <span class='ocrx_word' id='word_1_49' title='bbox 114 722 162 787; x_wconf 90' lang='lat' dir='ltr'><strong>qui</strong></span> <span class='ocrx_word' id='word_1_50' title='bbox 173 726 221 771; x_wconf 86' lang='lat' dir='ltr'><strong>aut</strong></span> <span class='ocrx_word' id='word_1_51' title='bbox 230 720 356 772; x_wconf 88' lang='lat' dir='ltr'><strong>abessent</strong></span> <span class='ocrx_word' id='word_1_52' title='bbox 366 727 413 771; x_wconf 88' lang='lat' dir='ltr'><strong>aut</strong></span> <span class='ocrx_word' id='word_1_53' title='bbox 421 736 477 772; x_wconf 91' lang='lat' dir='ltr'><strong>non</strong></span> <span class='ocrx_word' id='word_1_54' title='bbox 487 722 648 786; x_wconf 83' lang='lat' dir='ltr'><strong>sufficerent,</strong></span> <span class='ocrx_word' id='word_1_55' title='bbox 653 729 697 774; x_wconf 90' lang='lat' dir='ltr'><strong>ter</strong></span> <span class='ocrx_word' id='word_1_56' title='bbox 705 728 734 776; x_wconf 91' lang='lat' dir='ltr'><strong>et</strong></span> <span class='ocrx_word' id='word_1_57' title='bbox 742 723 835 774; x_wconf 85' lang='lat' dir='ltr'><strong>vicies.</strong></span> 
     </span>
     <span class='ocr_line' id='line_1_10' title="bbox 49 793 836 864; baseline 0 -16"><span class='ocrx_word' id='word_1_58' title='bbox 49 795 178 862; x_wconf 73' lang='lat' dir='ltr'><strong>Foditque</strong></span> <span class='ocrx_word' id='word_1_59' title='bbox 192 807 386 860; x_wconf 87' lang='lat' dir='ltr'><strong>nonnunquam</strong></span> <span class='ocrx_word' id='word_1_60' title='bbox 404 793 530 859; x_wconf 79' lang='lat' dir='ltr'><strong>vicatim,</strong></span> <span class='ocrx_word' id='word_1_61' title='bbox 551 810 584 846; x_wconf 85' lang='lat' dir='ltr'><strong>ao</strong></span> <span class='ocrx_word' id='word_1_62' title='bbox 603 796 728 864; x_wconf 88' lang='lat' dir='ltr'><strong>pluribus</strong></span> <span class='ocrx_word' id='word_1_63' title='bbox 747 797 836 848; x_wconf 85' lang='lat' dir='ltr'><strong>scenis</strong></span> 
     </span>
     <span class='ocr_line' id='line_1_11' title="bbox 49 864 836 938; baseline 0 -18"><span class='ocrx_word' id='word_1_64' title='bbox 49 885 97 937; x_wconf 90' lang='lat' dir='ltr'><strong>per</strong></span> <span class='ocrx_word' id='word_1_65' title='bbox 116 867 236 920; x_wconf 89' lang='lat' dir='ltr'><strong>omnium</strong></span> <span class='ocrx_word' id='word_1_66' title='bbox 256 866 410 933; x_wconf 85' lang='lat' dir='ltr'><strong>linguarum</strong></span> <span class='ocrx_word' id='word_1_67' title='bbox 426 864 581 920; x_wconf 84' lang='lat' dir='ltr'><strong>histriones.</strong></span> <span class='ocrx_word' id='word_1_68' title='bbox 621 869 836 938; x_wconf 81' lang='lat' dir='ltr'><strong>[Muners1non</strong></span> 
     </span>
     <span class='ocr_line' id='line_1_12' title="bbox 48 938 858 1008; baseline 0.001 -15"><span class='ocrx_word' id='word_1_69' title='bbox 48 945 76 994; x_wconf 89' lang='lat' dir='ltr'><strong>in</strong></span> <span class='ocrx_word' id='word_1_70' title='bbox 87 941 148 993; x_wconf 87' lang='lat' dir='ltr'><strong>foro</strong></span> <span class='ocrx_word' id='word_1_71' title='bbox 160 939 243 992; x_wconf 91' lang='lat' dir='ltr'><strong>modo</strong></span> <span class='ocrx_word' id='word_1_72' title='bbox 254 955 304 990; x_wconf 89' lang='lat' dir='ltr'><strong>neo</strong></span> <span class='ocrx_word' id='word_1_73' title='bbox 312 941 341 990; x_wconf 89' lang='lat' dir='ltr'><strong>in</strong></span> <span class='ocrx_word' id='word_1_74' title='bbox 352 938 565 1008; x_wconf 89' lang='lat' dir='ltr'><strong>amphitheatro,</strong></span> <span class='ocrx_word' id='word_1_75' title='bbox 581 943 628 994; x_wconf 87' lang='lat' dir='ltr'><strong>sed</strong></span> <span class='ocrx_word' id='word_1_76' title='bbox 637 944 667 994; x_wconf 89' lang='lat' dir='ltr'><strong>in</strong></span> <span class='ocrx_word' id='word_1_77' title='bbox 678 945 758 996; x_wconf 80' lang='lat' dir='ltr'><strong>Circo</strong></span> <span class='ocrx_word' id='word_1_78' title='bbox 769 945 835 995; x_wconf 90' lang='lat' dir='ltr'><strong>etin</strong></span> <span class='ocrx_word' id='word_1_79' title='bbox 853 993 858 1004; x_wconf 75' lang='grc'><em>,</em></span> 
     </span>
     <span class='ocr_line' id='line_1_13' title="bbox 50 1013 834 1082; baseline 0 -14"><span class='ocrx_word' id='word_1_80' title='bbox 50 1017 147 1082; x_wconf 80' lang='lat' dir='ltr'><strong>septis,</strong></span> <span class='ocrx_word' id='word_1_81' title='bbox 154 1014 248 1077; x_wconf 79' lang='lat' dir='ltr'><strong>edidit,</strong></span> <span class='ocrx_word' id='word_1_82' title='bbox 255 1019 282 1064; x_wconf 92' lang='lat' dir='ltr'><strong>et</strong></span> <span class='ocrx_word' id='word_1_83' title='bbox 292 1013 440 1081; x_wconf 85' lang='lat' dir='ltr'><strong>aliquando</strong></span> <span class='ocrx_word' id='word_1_84' title='bbox 451 1013 521 1066; x_wconf 87' lang='lat' dir='ltr'><strong>nihil</strong></span> <span class='ocrx_word' id='word_1_85' title='bbox 530 1021 638 1081; x_wconf 83' lang='lat' dir='ltr'><strong>praeter</strong></span> <span class='ocrx_word' id='word_1_86' title='bbox 646 1017 834 1078; x_wconf 67' lang='lat' dir='ltr'><strong>venationem</strong></span> 
     </span>
     <span class='ocr_line' id='line_1_14' title="bbox 51 1086 834 1154; baseline -0.003 -14"><span class='ocrx_word' id='word_1_87' title='bbox 51 1088 165 1140; x_wconf 87' lang='lat' dir='ltr'><strong>athletas</strong></span> <span class='ocrx_word' id='word_1_88' title='bbox 175 1088 320 1139; x_wconf 82' lang='lat' dir='ltr'><strong>exstmrctis</strong></span> <span class='ocrx_word' id='word_1_89' title='bbox 330 1086 359 1136; x_wconf 94' lang='lat' dir='ltr'><strong>in</strong></span> <span class='ocrx_word' id='word_1_90' title='bbox 370 1087 575 1154; x_wconf 82' lang='lat' dir='ltr'><strong>oasrpoMartio</strong></span> <span class='ocrx_word' id='word_1_91' title='bbox 582 1089 713 1140; x_wconf 88' lang='lat' dir='ltr'><strong>sedilibus</strong></span> <span class='ocrx_word' id='word_1_92' title='bbox 723 1089 834 1154; x_wconf 89' lang='lat' dir='ltr'><strong>ligneis;</strong></span> 
     </span>
     <span class='ocr_line' id='line_1_15' title="bbox 49 1160 835 1233; baseline -0.004 -19"><span class='ocrx_word' id='word_1_93' title='bbox 49 1164 112 1214; x_wconf 89' lang='lat' dir='ltr'><strong>item</strong></span> <span class='ocrx_word' id='word_1_94' title='bbox 121 1160 219 1214; x_wconf 84' lang='lat' dir='ltr'><strong>navale</strong></span> <span class='ocrx_word' id='word_1_95' title='bbox 229 1160 364 1227; x_wconf 88' lang='lat' dir='ltr'><strong>proelium</strong></span> <span class='ocrx_word' id='word_1_96' title='bbox 375 1161 449 1212; x_wconf 84' lang='lat' dir='ltr'><strong>eirca</strong></span> <span class='ocrx_word' id='word_1_97' title='bbox 459 1161 582 1213; x_wconf 85' lang='lat' dir='ltr'><strong>&#39;liberim</strong></span> <span class='ocrx_word' id='word_1_98' title='bbox 598 1168 696 1233; x_wconf 83' lang='lat' dir='ltr'><strong>eovatq</strong></span> <span class='ocrx_word' id='word_1_99' title='bbox 710 1161 785 1225; x_wconf 88' lang='lat' dir='ltr'><strong>solo,</strong></span> <span class='ocrx_word' id='word_1_100' title='bbox 805 1161 835 1211; x_wconf 87' lang='lat' dir='ltr'><strong>in</strong></span> 
     </span>
     <span class='ocr_line' id='line_1_16' title="bbox 50 1234 834 1303; baseline -0.005 -15"><span class='ocrx_word' id='word_1_101' title='bbox 50 1249 185 1303; x_wconf 86' lang='lat' dir='ltr'><strong>quonuno</strong></span> <span class='ocrx_word' id='word_1_102' title='bbox 195 1234 342 1289; x_wconf 82' lang='lat' dir='ltr'><strong>Caesarum</strong></span> <span class='ocrx_word' id='word_1_103' title='bbox 355 1248 450 1285; x_wconf 87' lang='lat' dir='ltr'><strong>nemus</strong></span> <span class='ocrx_word' id='word_1_104' title='bbox 465 1239 515 1285; x_wconf 86' lang='lat' dir='ltr'><strong>est.</strong></span> <span class='ocrx_word' id='word_1_105' title='bbox 555 1234 661 1295; x_wconf 81' lang='lat' dir='ltr'><strong>Quibus</strong></span> <span class='ocrx_word' id='word_1_106' title='bbox 677 1235 773 1285; x_wconf 89' lang='lat' dir='ltr'><strong>diebus</strong></span> <span class='ocrx_word' id='word_1_107' title='bbox 789 1249 834 1285; x_wconf 87' lang='lat' dir='ltr'><strong>ou-</strong></span> 
     </span>
     <span class='ocr_line' id='line_1_17' title="bbox 49 1307 840 1373; baseline -0.003 -14"><span class='ocrx_word' id='word_1_108' title='bbox 49 1309 140 1362; x_wconf 85' lang='lat' dir='ltr'><strong>stodes</strong></span> <span class='ocrx_word' id='word_1_109' title='bbox 153 1308 183 1358; x_wconf 90' lang='lat' dir='ltr'><strong>in</strong></span> <span class='ocrx_word' id='word_1_110' title='bbox 197 1307 270 1358; x_wconf 88' lang='lat' dir='ltr'><strong>Urbe</strong></span> <span class='ocrx_word' id='word_1_111' title='bbox 290 1307 435 1373; x_wconf 85' lang='lat' dir='ltr'><strong>disposuit,</strong></span> <span class='ocrx_word' id='word_1_112' title='bbox 456 1322 489 1358; x_wconf 88' lang='lat' dir='ltr'><strong>ne</strong></span> <span class='ocrx_word' id='word_1_113' title='bbox 504 1307 618 1358; x_wconf 88' lang='lat' dir='ltr'><strong>raritate</strong></span> <span class='ocrx_word' id='word_1_114' title='bbox 636 1307 840 1368; x_wconf 53' lang='lat' dir='ltr'><strong>remanentium,</strong></span> 
     </span>
     <span class='ocr_line' id='line_1_18' title="bbox 48 1379 833 1449; baseline -0.003 -15"><span class='ocrx_word' id='word_1_115' title='bbox 48 1381 251 1449; x_wconf 80' lang='lat' dir='ltr'><strong>grassatoribus</strong></span> <span class='ocrx_word' id='word_1_116' title='bbox 261 1380 383 1431; x_wconf 85' lang='lat' dir='ltr'><strong>obnoxia</strong></span> <span class='ocrx_word' id='word_1_117' title='bbox 393 1385 473 1432; x_wconf 87' lang='lat' dir='ltr'><strong>esset.</strong></span> <span class='ocrx_word' id='word_1_118' title='bbox 510 1379 541 1430; x_wconf 93' lang='lat' dir='ltr'><strong>ln</strong></span> <span class='ocrx_word' id='word_1_119' title='bbox 553 1380 633 1431; x_wconf 79' lang='lat' dir='ltr'><strong>Circo</strong></span> <span class='ocrx_word' id='word_1_120' title='bbox 650 1381 760 1448; x_wconf 79' lang='lat' dir='ltr'><strong>attrigas</strong></span> <span class='ocrx_word' id='word_1_121' title='bbox 775 1395 833 1432; x_wconf 89' lang='lat' dir='ltr'><strong>cur-</strong></span> 
     </span>
     <span class='ocr_line' id='line_1_19' title="bbox 48 1452 834 1523; baseline 0 -17"><span class='ocrx_word' id='word_1_122' title='bbox 48 1470 178 1523; x_wconf 88' lang='lat' dir='ltr'><strong>soresque</strong></span> <span class='ocrx_word' id='word_1_123' title='bbox 188 1459 215 1505; x_wconf 89' lang='lat' dir='ltr'><strong>et</strong></span> <span class='ocrx_word' id='word_1_124' title='bbox 225 1452 395 1506; x_wconf 77' lang='lat' dir='ltr'><strong>coniectores</strong></span> <span class='ocrx_word' id='word_1_125' title='bbox 406 1452 540 1517; x_wconf 86' lang='lat' dir='ltr'><strong>ferarum,</strong></span> <span class='ocrx_word' id='word_1_126' title='bbox 560 1459 588 1504; x_wconf 91' lang='lat' dir='ltr'><strong>et</strong></span> <span class='ocrx_word' id='word_1_127' title='bbox 596 1467 789 1522; x_wconf 86' lang='lat' dir='ltr'><strong>nonnunquam</strong></span> <span class='ocrx_word' id='word_1_128' title='bbox 800 1469 834 1506; x_wconf 86' lang='lat' dir='ltr'><strong>ex</strong></span> 
     </span>
     <span class='ocr_line' id='line_1_20' title="bbox 45 1516 899 1594; baseline -0.005 -12"><span class='ocrx_word' id='word_1_129' title='bbox 45 1527 237 1582; x_wconf 85' lang='lat' dir='ltr'><strong>nobilissima</strong></span> <span class='ocrx_word' id='word_1_130' title='bbox 229 1533 380 1590; x_wconf 82' lang='lat' dir='ltr'><strong>iuventute,</strong></span> <span class='ocrx_word' id='word_1_131' title='bbox 391 1526 531 1594; x_wconf 82' lang='lat' dir='ltr'><strong>produxit.</strong></span> <span class='ocrx_word' id='word_1_132' title='bbox 570 1525 623 1580; x_wconf 88' lang='lat' dir='ltr'><strong>Sed</strong></span> <span class='ocrx_word' id='word_1_133' title='bbox 638 1534 665 1580; x_wconf 88' lang='lat' dir='ltr'><strong>et</strong></span> <span class='ocrx_word' id='word_1_134' title='bbox 675 1528 777 1580; x_wconf 86' lang='lat' dir='ltr'><strong>Troiae</strong></span> <span class='ocrx_word' id='word_1_135' title='bbox 792 1528 833 1578; x_wconf 90' lang='lat' dir='ltr'><strong>lu·</strong></span> <span class='ocrx_word' id='word_1_136' title='bbox 895 1516 899 1527; x_wconf 64' lang='lat'><strong>¹</strong></span> 
     </span>
     <span class='ocr_line' id='line_1_21' title="bbox 46 1600 835 1668; baseline -0.001 -14"><span class='ocrx_word' id='word_1_137' title='bbox 46 1603 111 1654; x_wconf 81' lang='lat' dir='ltr'><strong>drrm</strong></span> <span class='ocrx_word' id='word_1_138' title='bbox 130 1601 218 1653; x_wconf 86' lang='lat' dir='ltr'><strong>edidit</strong></span> <span class='ocrx_word' id='word_1_139' title='bbox 236 1601 466 1668; x_wconf 82' lang='lat' dir='ltr'><strong>frequentissime,</strong></span> <span class='ocrx_word' id='word_1_140' title='bbox 491 1600 626 1652; x_wconf 86' lang='lat' dir='ltr'><strong>maiorum</strong></span> <span class='ocrx_word' id='word_1_141' title='bbox 645 1602 835 1668; x_wconf 88' lang='lat' dir='ltr'><strong>minorumque</strong></span> 
     </span>
     <span class='ocr_line' id='line_1_22' title="bbox 45 1673 833 1744; baseline -0.001 -18"><span class='ocrx_word' id='word_1_142' title='bbox 45 1691 193 1744; x_wconf 87' lang='lat' dir='ltr'><strong>puerorum</strong></span> <span class='ocrx_word' id='word_1_143' title='bbox 205 1674 319 1737; x_wconf 77' lang='lat' dir='ltr'><strong>deletur,</strong></span> <span class='ocrx_word' id='word_1_144' title='bbox 325 1689 409 1740; x_wconf 81' lang='lat' dir='ltr'><strong>prrscr</strong></span> <span class='ocrx_word' id='word_1_145' title='bbox 400 1673 565 1742; x_wconf 86' lang='lat' dir='ltr'><strong>decorique</strong></span> <span class='ocrx_word' id='word_1_146' title='bbox 575 1677 833 1738; x_wconf 82' lang='lat' dir='ltr'><strong>morisexistimaus,</strong></span> 
     </span>
     <span class='ocr_line' id='line_1_23' title="bbox 45 1747 898 1816; baseline -0.004 -14"><span class='ocrx_word' id='word_1_147' title='bbox 45 1751 138 1802; x_wconf 85' lang='lat' dir='ltr'><strong>clarae</strong></span> <span class='ocrx_word' id='word_1_148' title='bbox 148 1749 242 1816; x_wconf 86' lang='lat' dir='ltr'><strong>stirpis</strong></span> <span class='ocrx_word' id='word_1_149' title='bbox 251 1747 371 1798; x_wconf 88' lang='lat' dir='ltr'><strong>indolem</strong></span> <span class='ocrx_word' id='word_1_150' title='bbox 382 1747 423 1798; x_wconf 90' lang='lat' dir='ltr'><strong>sio</strong></span> <span class='ocrx_word' id='word_1_151' title='bbox 432 1755 581 1800; x_wconf 86' lang='lat' dir='ltr'><strong>notescere.</strong></span> <span class='ocrx_word' id='word_1_152' title='bbox 619 1748 649 1801; x_wconf 91' lang='lat' dir='ltr'><strong>ln</strong></span> <span class='ocrx_word' id='word_1_153' title='bbox 664 1748 833 1802; x_wconf 88' lang='lat' dir='ltr'><strong>hocludioro</strong></span> <span class='ocrx_word' id='word_1_154' title='bbox 893 1797 898 1810; x_wconf 76' lang='grc'><em>,</em></span> 
     </span>
     <span class='ocr_line' id='line_1_24' title="bbox 44 1819 833 1888; baseline -0.004 -13"><span class='ocrx_word' id='word_1_155' title='bbox 44 1825 75 1874; x_wconf 82' lang='lat' dir='ltr'><strong>C.</strong></span> <span class='ocrx_word' id='word_1_156' title='bbox 96 1823 217 1874; x_wconf 88' lang='lat' dir='ltr'><strong>Nonium</strong></span> <span class='ocrx_word' id='word_1_157' title='bbox 237 1822 426 1888; x_wconf 74' lang='lat' dir='ltr'><strong>Asprenatem,</strong></span> <span class='ocrx_word' id='word_1_158' title='bbox 446 1819 526 1888; x_wconf 90' lang='lat' dir='ltr'><strong>lapsu</strong></span> <span class='ocrx_word' id='word_1_159' title='bbox 545 1822 728 1887; x_wconf 89' lang='lat' dir='ltr'><strong>debilitatum,</strong></span> <span class='ocrx_word' id='word_1_160' title='bbox 749 1836 833 1873; x_wconf 81' lang='lat' dir='ltr'><strong>aureo</strong></span> 
     </span>
     <span class='ocr_line' id='line_1_25' title="bbox 42 1895 834 1966; baseline -0.004 -17"><span class='ocrx_word' id='word_1_161' title='bbox 42 1905 144 1966; x_wconf 90' lang='lat' dir='ltr'><strong>torque</strong></span> <span class='ocrx_word' id='word_1_162' title='bbox 159 1895 286 1957; x_wconf 82' lang='lat' dir='ltr'><strong>donavit3</strong></span> <span class='ocrx_word' id='word_1_163' title='bbox 309 1909 460 1962; x_wconf 87' lang='lat' dir='ltr'><strong>passusque</strong></span> <span class='ocrx_word' id='word_1_164' title='bbox 476 1900 529 1958; x_wconf 88' lang='lat' dir='ltr'><strong>est,</strong></span> <span class='ocrx_word' id='word_1_165' title='bbox 548 1895 638 1962; x_wconf 87' lang='lat' dir='ltr'><strong>ipsum</strong></span> <span class='ocrx_word' id='word_1_166' title='bbox 654 1902 834 1963; x_wconf 88' lang='lat' dir='ltr'><strong>posterosque</strong></span> 
     </span>
     <span class='ocr_line' id='line_1_26' title="bbox 43 1967 835 2038; baseline -0.006 -17"><span class='ocrx_word' id='word_1_167' title='bbox 43 1971 184 2038; x_wconf 83' lang='lat' dir='ltr'><strong>Torquati</strong></span> <span class='ocrx_word' id='word_1_168' title='bbox 202 1968 273 2020; x_wconf 80' lang='lat' dir='ltr'><strong>ferro</strong></span> <span class='ocrx_word' id='word_1_169' title='bbox 294 1983 452 2034; x_wconf 80' lang='lat' dir='ltr'><strong>cognomen.</strong></span> <span class='ocrx_word' id='word_1_170' title='bbox 494 1968 563 2020; x_wconf 80' lang='lat' dir='ltr'><strong>Mox</strong></span> <span class='ocrx_word' id='word_1_171' title='bbox 582 1969 662 2020; x_wconf 86' lang='lat' dir='ltr'><strong>tinem</strong></span> <span class='ocrx_word' id='word_1_172' title='bbox 681 1967 747 2018; x_wconf 82' lang='lat' dir='ltr'><strong>iecit</strong></span> <span class='ocrx_word' id='word_1_173' title='bbox 765 1967 835 2018; x_wconf 89' lang='lat' dir='ltr'><strong>talia</strong></span> 
     </span>
     <span class='ocr_line' id='line_1_27' title="bbox 44 2040 833 2109; baseline -0.009 -12"><span class='ocrx_word' id='word_1_174' title='bbox 44 2045 156 2108; x_wconf 85' lang='lat' dir='ltr'><strong>edendi,</strong></span> <span class='ocrx_word' id='word_1_175' title='bbox 176 2043 272 2094; x_wconf 79' lang='lat' dir='ltr'><strong>Asinio</strong></span> <span class='ocrx_word' id='word_1_176' title='bbox 287 2040 414 2093; x_wconf 88' lang='lat' dir='ltr'><strong>Pollione</strong></span> <span class='ocrx_word' id='word_1_177' title='bbox 430 2046 540 2094; x_wconf 86' lang='lat' dir='ltr'><strong>oratore</strong></span> <span class='ocrx_word' id='word_1_178' title='bbox 553 2042 673 2109; x_wconf 85' lang='lat' dir='ltr'><strong>graviter</strong></span> <span class='ocrx_word' id='word_1_179' title='bbox 686 2040 833 2092; x_wconf 83' lang='lat' dir='ltr'><strong>invidiose·</strong></span> 
     </span>
     <span class='ocr_line' id='line_1_28' title="bbox 44 2112 835 2186; baseline -0.009 -16"><span class='ocrx_word' id='word_1_180' title='bbox 44 2119 137 2186; x_wconf 90' lang='lat' dir='ltr'><strong>quein</strong></span> <span class='ocrx_word' id='word_1_181' title='bbox 148 2117 226 2168; x_wconf 81' lang='lat' dir='ltr'><strong>cruia</strong></span> <span class='ocrx_word' id='word_1_182' title='bbox 235 2120 331 2182; x_wconf 78' lang='lat' dir='ltr'><strong>questo</strong></span> <span class='ocrx_word' id='word_1_183' title='bbox 341 2115 483 2167; x_wconf 82' lang='lat' dir='ltr'><strong>Aesernini</strong></span> <span class='ocrx_word' id='word_1_184' title='bbox 491 2116 600 2182; x_wconf 86' lang='lat' dir='ltr'><strong>nepotis</strong></span> <span class='ocrx_word' id='word_1_185' title='bbox 611 2114 654 2164; x_wconf 88' lang='lat' dir='ltr'><strong>sui</strong></span> <span class='ocrx_word' id='word_1_186' title='bbox 665 2128 770 2176; x_wconf 75' lang='lat' dir='ltr'><strong>castam,</strong></span> <span class='ocrx_word' id='word_1_187' title='bbox 787 2112 835 2180; x_wconf 92' lang='lat' dir='ltr'><strong>qui</strong></span> 
     </span>
     <span class='ocr_line' id='line_1_29' title="bbox 43 2187 834 2259; baseline -0.008 -16"><span class='ocrx_word' id='word_1_188' title='bbox 43 2197 70 2243; x_wconf 90' lang='lat' dir='ltr'><strong>et</strong></span> <span class='ocrx_word' id='word_1_189' title='bbox 79 2193 140 2259; x_wconf 87' lang='lat' dir='ltr'><strong>ipse</strong></span> <span class='ocrx_word' id='word_1_190' title='bbox 153 2205 216 2242; x_wconf 88' lang='lat' dir='ltr'><strong>crus</strong></span> <span class='ocrx_word' id='word_1_191' title='bbox 226 2187 379 2255; x_wconf 84' lang='lat' dir='ltr'><strong>effregerat.</strong></span> <span class='ocrx_word' id='word_1_192' title='bbox 416 2188 458 2238; x_wconf 83' lang='lat' dir='ltr'><strong>Ad</strong></span> <span class='ocrx_word' id='word_1_193' title='bbox 473 2190 595 2240; x_wconf 86' lang='lat' dir='ltr'><strong>scenicas</strong></span> <span class='ocrx_word' id='word_1_194' title='bbox 610 2201 719 2256; x_wconf 90' lang='lat' dir='ltr'><strong>quoque</strong></span> <span class='ocrx_word' id='word_1_195' title='bbox 735 2192 762 2238; x_wconf 88' lang='lat' dir='ltr'><strong>et</strong></span> <span class='ocrx_word' id='word_1_196' title='bbox 776 2187 834 2254; x_wconf 83' lang='lat' dir='ltr'><strong>gla-</strong></span> 
     </span>
     <span class='ocr_line' id='line_1_30' title="bbox 42 2260 833 2330; baseline -0.003 -15"><span class='ocrx_word' id='word_1_197' title='bbox 42 2265 181 2318; x_wconf 86' lang='lat' dir='ltr'><strong>diatorias</strong></span> <span class='ocrx_word' id='word_1_198' title='bbox 202 2276 313 2330; x_wconf 87' lang='lat' dir='ltr'><strong>operas,</strong></span> <span class='ocrx_word' id='word_1_199' title='bbox 335 2267 362 2314; x_wconf 86' lang='lat' dir='ltr'><strong>et</strong></span> <span class='ocrx_word' id='word_1_200' title='bbox 380 2261 518 2330; x_wconf 83' lang='lat' dir='ltr'><strong>equitibus</strong></span> <span class='ocrx_word' id='word_1_201' title='bbox 532 2261 663 2313; x_wconf 87' lang='lat' dir='ltr'><strong>Romanis</strong></span> <span class='ocrx_word' id='word_1_202' title='bbox 683 2260 833 2327; x_wconf 86' lang='lat' dir='ltr'><strong>aliquando</strong></span> 
     </span>
     <span class='ocr_line' id='line_1_31' title="bbox 40 2330 834 2402; baseline -0.006 -11"><span class='ocrx_word' id='word_1_203' title='bbox 40 2354 109 2391; x_wconf 89' lang='lat' dir='ltr'><strong>usus</strong></span> <span class='ocrx_word' id='word_1_204' title='bbox 120 2343 177 2401; x_wconf 81' lang='lat' dir='ltr'><strong>est3</strong></span> <span class='ocrx_word' id='word_1_205' title='bbox 195 2350 291 2388; x_wconf 79' lang='lat' dir='ltr'><strong>remim</strong></span> <span class='ocrx_word' id='word_1_206' title='bbox 305 2336 381 2402; x_wconf 79' lang='lat' dir='ltr'><strong>prims</strong></span> <span class='ocrx_word' id='word_1_207' title='bbox 396 2349 478 2402; x_wconf 92' lang='lat' dir='ltr'><strong>quam</strong></span> <span class='ocrx_word' id='word_1_208' title='bbox 493 2330 604 2386; x_wconf 78' lang='lat' dir='ltr'><strong>senatus</strong></span> <span class='ocrx_word' id='word_1_209' title='bbox 615 2334 740 2386; x_wconf 85' lang='lat' dir='ltr'><strong>consulto</strong></span> <span class='ocrx_word' id='word_1_210' title='bbox 751 2335 834 2386; x_wconf 89' lang='lat' dir='ltr'><strong>inter·</strong></span> 
     </span>
     <span class='ocr_line' id='line_1_32' title="bbox 41 2407 833 2476; baseline -0.004 -15"><span class='ocrx_word' id='word_1_211' title='bbox 41 2412 191 2466; x_wconf 83' lang='lat' dir='ltr'><strong>diceretur.</strong></span> <span class='ocrx_word' id='word_1_212' title='bbox 229 2408 331 2461; x_wconf 86' lang='lat' dir='ltr'><strong>Postea</strong></span> <span class='ocrx_word' id='word_1_213' title='bbox 344 2407 415 2460; x_wconf 87' lang='lat' dir='ltr'><strong>nibil</strong></span> <span class='ocrx_word' id='word_1_214' title='bbox 433 2421 510 2470; x_wconf 90' lang='lat' dir='ltr'><strong>sane,</strong></span> <span class='ocrx_word' id='word_1_215' title='bbox 532 2414 721 2476; x_wconf 84' lang='lat' dir='ltr'><strong>praeterquam</strong></span> <span class='ocrx_word' id='word_1_216' title='bbox 741 2407 833 2459; x_wconf 90' lang='lat' dir='ltr'><strong>adole·</strong></span> 
     </span>
     <span class='ocr_line' id='line_1_33' title="bbox 39 2479 834 2545; baseline -0.008 -9"><span class='ocrx_word' id='word_1_217' title='bbox 39 2486 196 2538; x_wconf 89' lang='lat' dir='ltr'><strong>scentulum</strong></span> <span class='ocrx_word' id='word_1_218' title='bbox 206 2483 324 2536; x_wconf 86' lang='lat' dir='ltr'><strong>Lucium</strong></span> <span class='ocrx_word' id='word_1_219' title='bbox 334 2481 447 2534; x_wconf 86' lang='lat' dir='ltr'><strong>honeste</strong></span> <span class='ocrx_word' id='word_1_220' title='bbox 456 2485 562 2544; x_wconf 88' lang='lat' dir='ltr'><strong>natum,</strong></span> <span class='ocrx_word' id='word_1_221' title='bbox 578 2479 712 2545; x_wconf 82' lang='lat' dir='ltr'><strong>exhibuit,</strong></span> <span class='ocrx_word' id='word_1_222' title='bbox 727 2487 834 2533; x_wconf 85' lang='lat' dir='ltr'><strong>tantum</strong></span> 
     </span>
     <span class='ocr_line' id='line_1_34' title="bbox 37 2553 835 2630; baseline -0.01 -20"><span class='ocrx_word' id='word_1_223' title='bbox 37 2567 69 2611; x_wconf 88' lang='lat' dir='ltr'><strong>ut</strong></span> <span class='ocrx_word' id='word_1_224' title='bbox 83 2559 256 2624; x_wconf 84' lang='lat' dir='ltr'><strong>ostenderet,</strong></span> <span class='ocrx_word' id='word_1_225' title='bbox 278 2557 352 2630; x_wconf 86' lang='lat' dir='ltr'><strong>quod</strong></span> <span class='ocrx_word' id='word_1_226' title='bbox 371 2560 431 2610; x_wconf 88' lang='lat' dir='ltr'><strong>erat</strong></span> <span class='ocrx_word' id='word_1_227' title='bbox 443 2553 567 2622; x_wconf 87' lang='lat' dir='ltr'><strong>bipedali</strong></span> <span class='ocrx_word' id='word_1_228' title='bbox 579 2555 681 2622; x_wconf 88' lang='lat' dir='ltr'><strong>minor,</strong></span> <span class='ocrx_word' id='word_1_229' title='bbox 702 2555 835 2606; x_wconf 88' lang='lat' dir='ltr'><strong>librarum</strong></span> 
     </span>
    </p>
   </div>
   <div class='ocr_carea' id='block_1_3' title="bbox 0 0 986 2970">
    <p class='ocr_par' dir='ltr' id='par_1_8' title="bbox 0 0 986 2970">
     <span class='ocr_line' id='line_1_35' title="bbox 0 0 986 2970; baseline 0 2"><span class='ocrx_word' id='word_1_230' title='bbox 0 0 986 2970; x_wconf 95' lang='lat' dir='ltr'><strong> </strong></span> 
     </span>
    </p>
   </div>
  </div>
 </body>
</html>
