1992 2962
129 98 180 152 ²1⁶
404 103 431 149 0.
456 98 648 150 sumenti
675 105 680 116 '

130 221 276 278 eoniomus
295 228 351 276 est:
382 221 493 276 Silenus
513 223 642 277 obdens
662 239 691 276 se
710 229 841 291 praetura
858 231 927 280 unte
990 208 991 251 ¹

128 304 258 366 quartum
275 297 416 350 Kalendas
434 297 589 362 lanuarias,
610 299 735 366 morique
757 299 838 351 initio
858 299 928 352 anni

130 379 256 436 eoaoeue,
278 373 323 425 die
336 372 399 438 ipso
411 371 522 424 Claudii
535 379 563 424 et
576 373 743 441 Agrippinae
756 374 926 439 nuptiarum.

128 447 159 501 ln
180 449 300 516 quinque
314 452 342 498 et
353 446 469 514 triginta
486 453 641 512 senatores,
659 453 850 514 trecentosque
864 463 923 500 am·

128 521 202 590 plius
212 521 317 589 equites
327 520 476 585 Romanos,
486 527 565 573 tantu
574 521 709 576 facilitate
718 521 923 591 animadvertit,

128 601 172 661 ut,
193 596 227 648 de
239 609 306 648 nsee
317 594 471 649 consuleris
485 595 538 648 vin
556 597 733 648 renunciante
752 596 922 662 centurione,

122 669 311 741 fontumens,
334 669 404 735 quod
419 667 583 736 imperasset,
603 676 717 737 negaret
730 671 877 736 quiequam
891 685 923 724 su

127 745 287 810 imperasse,
297 741 385 796 nihilo
396 744 485 796 mium
495 759 553 796 rem
564 745 769 812 comprobarem
784 745 922 796 affirman-
988 773 991 795 ⁴

48 845 51 850 ·
128 818 203 870 tibus
213 817 332 881 libertis,
354 817 446 872 officio
457 817 690 882 militesiunctos,
706 818 921 886 quododuitio·

128 908 190 946 nem
208 892 384 958 imperatoris
407 891 481 946 ultro
504 893 715 958 procurrissent.
736 891 827 944 'Num
850 892 923 944 iliud

129 982 237 1020 emnem
247 966 329 1019 tidem
339 968 498 1035 excesserit,
514 967 589 1034 quod
599 967 715 1034 nuptiis,
728 981 796 1041 quas
806 967 923 1020 Messal-

127 1040 186 1092 lina
201 1056 262 1093 uum
276 1040 401 1094 adultero
417 1039 487 1093 Silio
505 1039 622 1104 ieoerat,
642 1039 760 1109 tabelias
775 1039 848 1096 dotis
862 1042 922 1106 ipse

129 1115 346 1183 consignaverit3
365 1115 507 1179 inductus,
528 1116 610 1181 quasi
619 1115 652 1166 de
662 1115 800 1166 industria
810 1115 921 1166 shnuiu-
990 1173 991 1176 Ἴ

127 1196 236 1254 rentur,
248 1190 283 1241 ud
294 1189 468 1242 avertendum
478 1187 749 1254 transferendumque
759 1189 921 1254 perieulum,
990 1241 991 1244 ,

129 1263 204 1331 quod
217 1265 359 1318 irnminere
372 1264 428 1332 ipsi
440 1279 490 1332 per
503 1263 639 1332 quaedam
653 1267 762 1316 ostento
776 1263 922 1330 portende·

127 1345 212 1390 rehu.
300 1364 304 1375 ›
728 1340 732 1348 '
990 1365 991 1388 n

147 1457 153 1474 ,
184 1411 273 1464 XXX.
292 1412 450 1465 Auctoritas
460 1411 634 1480 dignitasque
647 1409 754 1464 formae
767 1425 824 1464 non
834 1410 924 1464 defuit
990 1407 991 1442 i

128 1485 172 1538 vel
182 1487 275 1550 stanti,
286 1487 331 1538 vei
340 1487 454 1550 sedenti,
466 1502 499 1538 no
508 1487 655 1552 praecipue
666 1485 826 1552 pedententi.
850 1485 923 1538 Nam

128 1567 156 1612 et
165 1560 290 1626 prolixo,
303 1575 354 1612 nec
364 1560 443 1624 exiii,
459 1573 575 1628 corpore
586 1565 658 1624 erat,
669 1564 697 1612 et
706 1559 797 1626 speeie
808 1561 921 1613 canitie·

129 1649 181 1702 que
190 1632 318 1700 pulchra,
340 1634 440 1700 opimis
450 1635 611 1686 cervicibus.
651 1634 776 1686 Ceterum
791 1639 818 1686 et
832 1634 921 1700 ingre·
990 1637 991 1642 ’

128 1708 248 1762 dientem
258 1707 443 1770 destituebant
452 1707 571 1776 poplites
581 1709 671 1759 minus
681 1709 760 1771 iirnri,
772 1713 799 1759 et
809 1709 921 1760 remisse
990 1719 991 1726 ¹

130 1784 196 1850 quid
210 1783 254 1836 vel
268 1783 340 1836 serio
356 1788 481 1849 agentem
494 1782 581 1834 multa
600 1781 834 1834 dehonestabant:
849 1783 922 1834 risus

127 1859 270 1922 indeccns;
290 1859 333 1908 ira
346 1856 468 1923 turpior,
488 1862 630 1925 spumante
644 1857 728 1922 rictu,
748 1853 921 1908 humentibus

128 1934 255 1997 naribus3
284 1937 428 2000 praeterea
450 1931 561 2000 linguae
584 1932 747 1996 titubantia,
777 1937 921 1998 caputque,
986 1941 991 1962 i

88 2063 96 2072 .
128 2017 187 2060 turn
197 2005 922 2075 semper-,taninquantulocunqueactuvelmaxins
990 2015 991 2080 p

128 2083 283 2140 tremulum.
990 2117 991 2120 η

165 2156 286 2217 XXXI.
306 2155 472 2208 valetudine
482 2156 555 2206 sicut
565 2153 631 2206 olim
641 2154 732 2222 gravi,
743 2154 785 2206 ite
795 2153 923 2219 princeps

128 2245 311 2300 perprospera
320 2245 387 2282 ursus
397 2235 451 2293 est,
466 2234 581 2297 excepto
592 2227 729 2281 stomachi
739 2227 850 2291 dolore,
866 2242 922 2294 quo

129 2320 159 2356 se
170 2312 325 2371 correptum
335 2305 418 2357 etiem
434 2304 467 2356 de
479 2303 675 2356 consciscenda
685 2309 773 2356 morte
784 2302 922 2370 cogitasse
990 2351 991 2372 ἶ

129 2378 208 2428 dixit.

184 2450 299 2502 XXXII.
321 2451 455 2504 Convivia
475 2452 591 2519 agitarit
610 2458 637 2504 et
652 2451 743 2518 ampla
757 2449 922 2521 etassidua,
990 2435 991 2476 1

130 2523 530 2590 ecferepatentissimislocis,
549 2531 586 2578 ut.
596 2526 756 2593 plerumque
766 2526 925 2596 sexcenteni

129 2597 212 2650 simul
222 2597 431 2652 discumberent.
471 2599 639 2654 convivatus
653 2605 695 2652 est
709 2604 737 2651 et
750 2613 834 2666 super
843 2599 921 2652 enr'u-
990 2603 991 2614 ¹
