1964 2970
146 114 179 165 26
418 113 445 157 C.
473 103 667 158 SUETONH

147 236 261 304 perenni
272 235 436 302 opprobrio,
448 238 476 284 et
485 231 520 283 ad
532 231 653 284 omnium
664 230 788 281 convicia
799 228 938 296 exposito.

149 309 252 362 Omitto
265 309 343 359 Calvi
352 307 456 376 Licinii
464 307 624 357 notissimos
634 319 739 354 versus:

424 379 554 448 Bithynia
564 376 687 445 quicquid

38 467 41 474 ⁴
70 489 84 522 p
222 453 261 506 Et
267 455 423 522 praedicator
434 453 679 518 Caesarlsanqaam
690 448 789 500 delerit.

147 535 289 598 praetereo
302 530 424 581 actiones
435 527 599 579 Dolabellae
614 532 642 576 ct
652 524 779 575 Cluionis
793 523 894 590 patris,
905 524 934 574 in

148 604 247 672 quibus
258 618 318 654 eum
329 601 478 654 Dolabella
488 599 606 668 pellicem
619 597 740 666 reginae,
760 597 884 664 mendam
893 597 934 647 in·

147 676 269 729 teriorem
279 675 369 744 regiae
379 675 497 736 lecticae,
513 679 543 725 at
553 673 636 723 Curio
648 671 776 722 stabulans
787 669 935 722 Nicocreon

147 757 175 802 et
183 749 353 817 Bithynicam
361 748 495 818 fornicem
509 747 612 798 dicunt.
649 745 737 794 Missa
757 745 840 795 etiam
858 742 933 796 facio

146 825 237 876 edicta
246 823 349 885 Bibuli,
361 823 459 888 quibus
469 819 632 887 proscripsit
643 819 775 884 collegam
786 833 873 882 suum,
884 816 932 868 Bi·

147 896 280 964 tlcpnicam
293 895 428 963 reginam:
457 895 531 960 eique
548 908 637 961 regern
651 901 729 942 antea
743 891 831 961 faisse
850 892 931 955 cordi,

145 985 215 1022 nanc
230 984 282 1020 esse
296 984 414 1036 regnum.
455 967 515 1029 Quo
529 973 665 1033 teurpore,
686 971 717 1015 ut
725 966 764 1016 M.
775 965 876 1016 Brutus
891 981 932 1017 re-

145 1043 207 1106 fert,
221 1041 350 1093 Octavius
361 1043 444 1093 etiam
455 1035 580 1108 qnidam,
590 1038 747 1090 valetudine
758 1041 854 1090 mentis
864 1038 932 1090 libe-

145 1119 203 1168 rius
218 1117 310 1179 dicax,
333 1123 467 1168 conventu
479 1115 599 1166 marimo
615 1129 696 1180 quum
711 1105 871 1180 Pompeium
890 1129 932 1164 re·

145 1206 205 1257 gem
221 1189 397 1257 appellasset,
417 1189 507 1255 ipsum
521 1189 643 1255 reginam
658 1187 797 1238 salutavit.
836 1186 890 1238 Sed
901 1187 931 1238 G.

97 1317 100 1322 ,
115 1307 134 1350 γ
145 1264 289 1315 Memmius
300 1265 382 1315 etiam
394 1263 429 1314 ad
440 1253 568 1329 cyathum
581 1267 612 1314 et
623 1262 715 1312 vinum
726 1260 870 1312 Nleomedi
881 1267 933 1312 ste-

144 1339 212 1388 tisse
223 1337 337 1402 obiecit,
359 1353 419 1389 cum
429 1335 543 1405 reliquis
553 1335 681 1398 exoletis,
701 1331 782 1401 pleno
797 1334 933 1398 convivio,

146 1411 344 1462 accubantibus
353 1411 493 1463 nonnullis
503 1409 606 1462 urbicis
616 1408 848 1475 negotiatoribus,
866 1423 933 1474 quo-

144 1500 205 1535 rum
216 1485 300 1536 refert
309 1486 429 1536 nomina.
470 1486 565 1536 Cicero
575 1483 655 1545 vero,
676 1496 732 1533 non
748 1487 890 1533 contentus
904 1483 935 1532 in

146 1559 309 1625 quibusdam
320 1559 445 1626 epistolis
456 1559 612 1624 scripsisse,
628 1569 645 1605 c
656 1555 821 1606 satellitibus
833 1571 893 1608 eum
903 1557 933 1607 iu

146 1631 300 1684 cubiculum
316 1634 420 1700 regium
438 1632 576 1692 eductum,
597 1629 627 1678 in
648 1643 731 1678 aureo
753 1629 837 1694 lecto,
858 1636 934 1682 vesto

145 1721 283 1774 purpurea
303 1706 477 1766 decubuisse,
500 1701 650 1768 lloremque
670 1701 769 1753 aetatis
790 1718 807 1752 a
827 1701 934 1755 Venere

146 1781 212 1843 orti,
228 1779 256 1830 in
266 1778 399 1846 Bithynia
410 1777 623 1828 contaminatum
628 1812 636 1839 ‚
655 1775 792 1842 quondam
807 1778 890 1828 etlam
905 1779 935 1828 in

145 1860 243 1904 senatu
257 1853 413 1903 defendenti
422 1849 516 1916 Nysae
531 1859 655 1913 calisam,
676 1849 750 1901 filiae
764 1849 933 1916 Nicomedis,
946 1893 949 1900 .

144 1926 330 1992 beneficiaque
340 1926 412 1990 regis
422 1925 451 1974 in
462 1939 491 1974 se
502 1924 738 1988 commemorasti,
754 1922 877 1988 Remove,
893 1925 934 1976 in·

145 2002 213 2068 qrrit,
225 1999 314 2060 istaec,
326 2014 371 2049 oro
383 2007 407 2048 te
411 2014 424 2058 ,⁰
444 1997 547 2064 qnando
558 2005 647 2048 notum
658 2006 704 2060 est,
715 2006 743 2049 et
752 1997 816 2064 qaid
823 1998 865 2049 ille
877 1998 935 2061 titt,

145 2082 171 2125 et
181 2072 293 2140 quidilts'
302 2081 331 2122 ta
341 2071 449 2122 dederis.
461 2075 466 2086 “
489 2071 598 2123 Gallico
611 2072 726 2139 denique
736 2070 875 2139 triumpho
886 2073 936 2124 mi-

144 2142 211 2199 lites'
219 2147 278 2198 eius
288 2147 359 2197 inter
369 2153 460 2197 cetera
471 2147 605 2210 carmina,
618 2147 712 2214 qualia
723 2160 830 2198 currum
841 2160 936 2212 prose·

146 2226 259 2288 quentes
269 2220 430 2271 ioculariter
441 2227 553 2285 canunt,
573 2221 656 2272 ctiam
670 2220 889 2287 vulgatissimum
903 2220 937 2271 il-

145 2294 194 2346 lud
205 2295 464 2361 pronunciaverunt:

185 2367 286 2419 Gillias
297 2367 396 2420 ansdr
406 2368 516 2437 sategit,
529 2365 682 2420 Nicomedes
694 2366 839 2419 Caesarem.

182 2434 257 2504 nicee,
271 2441 368 2494 Caesar
378 2441 447 2494 arluc
457 2441 611 2510 triumphat,
623 2441 671 2508 qni
678 2441 783 2510 sategit
794 2440 909 2492 (lamus.-

146 2521 149 2526 '
185 2515 338 2569 Nicomedes
348 2517 400 2568 ndn
411 2515 564 2584 manephei,
577 2515 624 2582 qui
632 2514 737 2584 sategit
748 2513 895 2566 Caesarem.

202 2588 236 2644 L.
256 2591 376 2645 Pronum
397 2599 424 2644 et
443 2597 635 2664 sumptuosum
651 2591 679 2658 in
694 2589 822 2643 libidines
842 2587 939 2656 luisse,
