1986 2960
134 103 184 155 168
417 107 444 153 0.
463 101 652 156 SUETONH

133 241 184 279 nec
192 224 258 278 ullis
266 225 323 280 uisi
332 239 367 279 ex
376 228 516 280 senatorio
528 226 626 280 ordine
635 225 836 294 caligantibus.
848 227 939 280 com-

72 341 77 350 .
132 301 375 365 misitetsubitos,
396 316 479 367 quum
492 317 508 352 e
519 299 669 352 Gelotiana
678 306 844 368 apparatum
854 301 938 355 Circi

132 375 345 442 prospicientem
358 374 443 442 pauci
456 389 490 426 ex
507 375 642 442 proximis
656 373 813 426 Maenianis
832 382 935 442 postu·
983 377 984 380 ’

131 447 262 574 lmffi.
282 520 390 574 Novum
404 527 645 590 praetereantque
664 521 820 574 inauditum
840 535 933 588 genus

132 595 283 662 spectaculi
296 595 471 662 excogitavit.
509 595 580 648 Nem
593 595 725 655 Baiarum
744 595 864 646 medium
884 597 931 648 in-
982 613 984 618 ·

130 668 276 721 tortellum
286 675 314 720 et
324 668 490 720 Puteolanas
500 669 596 733 moles,
607 670 689 722 trium
700 668 816 720 millium
828 675 855 722 ct
865 685 930 722 sex-

133 748 273 794 centorum
283 742 340 794 iere
350 757 493 808 passuum,
508 749 592 818 ponte
601 743 758 806 coniunxit,
774 745 928 796 contractis

131 817 252 884 undique
264 816 398 868 onerariis
407 816 537 880 novibus,
557 822 584 868 et
598 817 694 868 ordine
709 816 814 882 duplici
830 817 866 868 ad
877 833 927 868 un-

132 905 213 943 cores
233 889 390 954 collocetis,
411 891 620 958 superiectoque
635 905 734 956 aggere
747 895 869 954 terreno,
891 906 926 942 uc

132 964 236 1016 directo
250 963 280 1015 in
295 962 399 1030 Appiae
412 965 474 1016 viae
488 963 616 1017 formem.
653 963 707 1015 l‘er
721 961 792 1016 hunc
811 970 926 1030 pontem

77 1088 81 1104 ,
107 1038 205 1100 ‚ultro
216 1037 286 1089 citro
297 1052 420 1090 commea
440 1039 446 1052 '
464 1075 472 1102 ‚
493 1038 577 1091 biduo
594 1038 757 1090 continenti:
776 1037 926 1104 primodie

130 1111 274 1180 phalerato
286 1126 371 1179 equo,
390 1112 433 1162 ins
445 1113 560 1181 gnisque
575 1125 695 1179 qucrnea
705 1115 821 1174 corona,
842 1117 870 1162 ct
880 1127 925 1164 ce-

130 1193 188 1249 tte,
209 1181 357 1254 et‘gludio‚
377 1200 514 1255 aureaque
528 1183 685 1251 chlamyde:
705 1184 840 1250 postridie
854 1201 925 1252 que-

132 1259 254 1327 drigerio
265 1257 369 1324 habitu,
376 1256 926 1327 curmeuloqucbiiugiiamosorumequo·

131 1347 206 1395 rum,
226 1347 293 1400 pree
307 1349 337 1385 se
351 1333 441 1386 ferens
456 1333 573 1384 Darium
587 1347 698 1401 puemm
713 1346 746 1382 er
757 1329 926 1386 Parthorum

102 1441 106 1448 -
133 1405 288 1469 obsidibus3
309 1408 456 1460 comitante
466 1407 704 1475 praetorianorum
720 1406 840 1472 agmine,
856 1407 926 1458 etin

132 1478 235 1530 essedis
251 1478 363 1532 cohorte
383 1483 545 1535 amicorum.
583 1480 646 1534 Scio
667 1479 812 1548 plerosque
828 1469 925 1532 existi-

130 1565 233 1614 masse,
253 1553 337 1605 telem
352 1569 369 1604 a
384 1556 452 1606 Caio
467 1561 578 1623 pontem
598 1553 782 1620 excogitatum
802 1551 925 1606 aemule·
983 1593 986 1608 t

130 1626 207 1678 tione
217 1623 326 1690 Xerxis,
333 1628 381 1694 qui
391 1643 447 1680 non
457 1630 516 1680 sine
527 1628 708 1681 admiratione
720 1627 862 1694 aliquanto
875 1642 925 1678 an-

130 1698 282 1766 gustiorem
300 1699 508 1768 Hellespontum
528 1701 758 1762 contabulaverit3
788 1701 872 1764 alios,
892 1707 926 1754 ut
985 1749 986 1754 ,

132 1771 308 1825 Genneulam
323 1775 544 1840 etBritenniarn‚
565 1776 664 1845 quibus
677 1775 850 1839 imminebat,
872 1775 923 1826 eli·

132 1848 210 1900 cuius
228 1847 355 1899 immensi
374 1850 465 1917 operis
484 1849 559 1902 lama
577 1849 725 1902 territaret.
768 1848 923 1902 Sed'avum

131 1937 221 1974 meum
230 1927 386 1976 uomentem
399 1939 468 1992 puer
481 1924 640 1988 midiebam,
661 1937 772 1976 causam
783 1923 876 1990 operis
887 1923 923 1974 ab

73 2001 81 2016 ‘
130 1997 309 2054 interioribus
319 1997 422 2050 aulicis
431 1999 582 2067 proditam,
602 1997 677 2066 quod
687 1995 852 2064 Thrasyllus
865 2011 923 2048 me·

131 2069 295 2123 thematicus
305 2073 388 2126 anxio
399 2072 433 2125 de
443 2087 601 2140 successore
611 2071 738 2135 Tiberio,
754 2071 819 2123 etin
828 2085 924 2122 verum

131 2151 259 2211 nepotem
269 2147 408 2212 proniori,
426 2139 598 2209 affirmasset,
610 2161 661 2197 non
671 2144 758 2214 magis
770 2143 864 2196 Gaium
873 2144 924 2196 im-

92 2236 93 2240 *
128 2217 923 2288 perorarem,quampoflomeomsoom«praedeeessorum.

188 2291 250 2342 XX.
270 2291 367 2345 Edidit
375 2300 403 2346 et
411 2307 524 2361 peregre
533 2292 703 2360 spectacula:
722 2291 861 2345 insicilia
872 2291 924 2359 sy·

132 2364 240 2418 racusis
250 2365 352 2419 asticos
362 2367 452 2431 ludos,
463 2373 490 2420 et
499 2363 761 2433 inGalliaLugduni
770 2365 927 2420 miscellost

132 2434 183 2487 sod
195 2441 224 2486 et
237 2440 372 2496 conamen
386 2455 495 2507 quoque
509 2439 631 2504 Graecae
641 2439 813 2506 liatineeque
828 2438 926 2492 iacun-

133 2506 196 2558 diae
202 2523 210 2569 ;
221 2521 275 2574 quc
287 2515 433 2566 certamine
442 2513 533 2565 terunt
541 2515 692 2566 victoribus
701 2514 826 2580 praemis
833 2514 925 2568 victos

134 2579 295 2648 contulisse,
315 2585 465 2640 eorundem
477 2586 610 2640 etleudcs
620 2601 785 2655 componere
795 2594 924 2652 ecoctam
