1964 2962
237 173 517 222 VESPASIANUS·
552 172 746 220 cona-15.
835 169 885 223 30⁹

6 279 8 352 ἶ
90 299 243 352 salutantes
268 293 420 358 scrutandi,
445 289 686 362 manentesadhuc
704 293 778 346 bello
799 294 884 360 civili,

90 378 229 496 omffic
239 443 395 494 Amicorum
410 430 578 504 libertatem,
599 439 800 492 causidicorum
815 427 883 510 ligu-

6 545 7 548 =
88 518 148 582 ras,
169 532 202 569 ac
211 513 439 585 philosophorum
451 515 651 566 contumaciam
661 514 800 567 lenissima
808 517 882 568 tulit.

6 589 8 652 g
88 591 228 646 Licinisun
237 590 409 654 Mucianum,
430 589 725 656 notacimpudicitiaa,
745 588 883 642 aedmeri·

6 657 12 674 Γ
88 673 181 718 torum
197 663 298 715 fiducia
312 665 402 715 minus
417 663 462 715 sui
475 668 654 728 reverentem,
675 677 813 731 nunquam
828 664 884 715 nisi

90 739 162 792 clam
173 745 201 791 et
210 736 341 790 hactenus
352 745 478 790 retaxare
489 737 628 800 sustinuit,
638 743 670 788 ut
680 738 752 805 opud
764 752 884 789 commu-

41 819 47 835 ‘
89 829 152 867 uem
169 811 298 881 aliquem
310 813 427 864 amicum
442 826 569 880 querens,
591 811 704 863 adderet
719 811 884 863 clausulam.
896 877 901 883 ν

90 887 138 959 Eg
120 903 153 938 <ro
169 896 256 939 tumen
268 886 310 937 cir
323 901 388 938 sum.
428 885 550 938 Salvium
569 884 753 938 Liberalem-⁹
736 901 773 938 ιιι
794 885 886 938 defen·

91 953 170 1014 sione
181 961 274 1013 divitis
284 961 325 1012 rei
335 975 432 1012 ιιιιιιιιι
442 960 546 1022 dicere,
564 957 637 1022 Quid
644 959 680 1010 ad
690 958 842 1023 Caesarem,
862 959 887 1010 ιι·

91 1035 262 1104 Hipparchus
272 1034 420 1087 sestertium
430 1032 523 1085 millies
532 1031 627 1085 toleti
646 1033 742 1101 etipse
751 1033 886 1085 laudarit.

91 1109 261 1162 Demetrium
282 1109 460 1176 cynicum,
452 1123 481 1158 ιιι
499 1107 598 1158 itinere
619 1108 730 1160 obvium
749 1108 805 1159 sibi
822 1113 888 1175 post

6 1193 7 1198 ’
93 1184 310 1247 damnationem,
331 1196 364 1233 ac
378 1197 466 1250 nequa
477 1195 619 1248 assurgere
628 1196 716 1251 neque
726 1181 847 1233 salutare
857 1195 888 1234 se

95 1257 265 1325 dignantem,
277 1255 460 1308 oblatrantem
471 1255 555 1307 etiam
564 1256 659 1307 nescio
671 1254 749 1322 quid,
765 1256 833 1307 satis
843 1269 876 1308 eu
974 1281 975 1284 ¹

94 1347 154 1385 nem
163 1332 261 1383 habuit
270 1330 418 1399 appellare.
468 1361 470 1367 -

10 1466 15 1475 1
151 1405 225 1458 xlv.
246 1405 419 1461 Offensarum
433 1401 697 1471 inimicitiarumque·
709 1403 820 1456 minime
832 1419 890 1456 ma·

10 1478 20 1557 'x
95 1493 157 1533 mor
172 1485 361 1543 exsecutorve,
381 1477 490 1530 Vitellii
504 1474 592 1528 hostis
611 1476 656 1528 sui
669 1477 754 1529 filiam
770 1477 890 1544 splendi-

15 1578 19 1589 ·
97 1555 209 1607 dissime
228 1554 386 1617 maritavit,
407 1552 568 1619 dotavitque
591 1551 674 1602 οιίιιιι
699 1558 727 1603 et
748 1549 889 1604 interluit.
906 1583 915 1589 -

6 1635 7 1692 j
98 1628 319 1696 Trepidumeum
329 1624 746 1691 interdictaeulasubNemna,
759 1640 890 1695 quaeren-

6 1701 9 1728 '
96 1709 218 1772 temque,
239 1703 370 1770 qmduam
381 1706 475 1768 ageret
485 1707 533 1752 ιιιι
542 1714 597 1769 quo
614 1699 713 1764 abiret,
735 1700 847 1769 quidam
857 1713 892 1752 ex

98 1778 190 1830 officio
203 1775 380 1829 adunationis
390 1775 473 1828 simul
482 1773 629 1844 expellens,
640 1773 714 1826 abire
724 1771 892 1825 Morbouiam

96 1853 225 1904 iusserat
263 1850 294 1902 lu
308 1848 381 1903 hunc
398 1856 496 1918 postea
515 1849 705 1921 deprecantem
724 1846 799 1900 haud
817 1847 893 1900 ultra

96 1926 182 1978 rerba
191 1925 346 1990 excanduit,
352 1931 380 1977 et
390 1925 498 1998 quidem
509 1922 623 1976 totidem
628 1923 686 1976 iere
695 1928 777 1990 atque
787 1922 892 1974 eadem.

99 1999 184 2063 Num,
204 2004 236 2051 ut
254 1993 411 2066 suspicione
432 1997 526 2065 aliqua
543 1997 589 2050 vel
607 2004 681 2050 metu
695 1996 731 2048 ad
743 1995 893 2064 perniciem

100 2073 262 2140 ouianuam
273 2072 490 2138 compellerctsn,
501 2077 607 2124 tantum
619 2071 698 2136 uiuit,
708 2076 747 2136 ut,
758 2071 893 2123 monenti·

99 2149 151 2198 bus
171 2144 267 2196 amicis
287 2144 436 2196 cavendum
456 2159 515 2196 csse
533 2145 648 2196 Matium
668 2143 892 2214 Pompusianum,

6 2245 9 2252 .
100 2219 175 2286 quod
185 2217 269 2285 vulgo
281 2218 436 2271 crederemr
446 2218 557 2285 genesin
567 2215 893 2286 habereimperntoriam,

99 2291 482 2360 iusuperconsulemiecerit,
502 2291 652 2359 spondens,
673 2294 894 2362 quandoquabc·

6 2371 7 2374 ’
99 2366 194 2420 nellcii
203 2379 350 2418 memorem
360 2364 491 2417 futurum.

155 2439 217 2494 XV.
237 2439 301 2493 Nou
314 2445 416 2492 temera
431 2440 493 2507 quis
507 2439 620 2508 punitus
634 2439 729 2492 insons
749 2442 893 2508 reperitur,

99 2515 157 2570 nisi
168 2517 279 2569 absente
290 2530 323 2567 eu
334 2515 379 2566 et'
370 2528 483 2582 ignaro,
504 2521 552 2566 aut
566 2519 639 2566 certe
652 2514 740 2575 insito
757 2521 851 2594 atquc
849 2513 895 2565 de·

101 2598 211 2659 cepto.-
230 2589 361 2643 Helvidio
372 2589 482 2653 Prisco,
503 2589 551 2658 qui
564 2601 702 2641 reversum
713 2591 746 2640 ex
758 2578 851 2654 Syria
850 2603 895 2638 ιο

61 2678 66 2689 ’
101 2664 147 2720 lus
166 2667 276 2738 privato
291 2666 403 2720 nomine
421 2662 610 2734 Vespasianum
625 2661 805 2718 salutaverat
827 2661 896 2715 etin
