<?xml version="1.0" encoding="UTF-8"?>
<!DOCTYPE html PUBLIC "-//W3C//DTD XHTML 1.0 Transitional//EN"
    "http://www.w3.org/TR/xhtml1/DTD/xhtml1-transitional.dtd">
<html xmlns="http://www.w3.org/1999/xhtml" xml:lang="en" lang="en">
 <head>
  <title>
</title>
<meta http-equiv="Content-Type" content="text/html;charset=utf-8" />
  <meta name='ocr-system' content='tesseract 3.04.00' />
  <meta name='ocr-capabilities' content='ocr_page ocr_carea ocr_par ocr_line ocrx_word'/>
</head>
<body>
  <div class='ocr_page' id='page_1' title='image "./csuetoniitranqu00weisgoog_0338.png"; bbox 0 0 1964 2962; ppageno 0'>
   <div class='ocr_carea' id='block_1_1' title="bbox 83 155 597 232">
    <p class='ocr_par' dir='ltr' id='par_1_1' title="bbox 83 155 597 232">
     <span class='ocr_line' id='line_1_1' title="bbox 83 155 597 232; baseline -0.012 -23"><span class='ocrx_word' id='word_1_1' title='bbox 83 155 134 232; x_wconf 67' lang='lat' dir='ltr'><strong>aaa</strong></span> <span class='ocrx_word' id='word_1_2' title='bbox 363 157 389 204; x_wconf 92' lang='lat' dir='ltr'><strong>c.</strong></span> <span class='ocrx_word' id='word_1_3' title='bbox 415 155 597 206; x_wconf 78' lang='lat' dir='ltr'><strong>sennenn</strong></span> 
     </span>
    </p>
   </div>
   <div class='ocr_carea' id='block_1_2' title="bbox 80 265 885 1224">
    <p class='ocr_par' dir='ltr' id='par_1_2' title="bbox 80 265 885 1224">
     <span class='ocr_line' id='line_1_2' title="bbox 82 265 885 350; baseline -0.001 -17"><span class='ocrx_word' id='word_1_4' title='bbox 82 279 278 345; x_wconf 78' lang='lat' dir='ltr'><strong>scrutantibus,</strong></span> <span class='ocrx_word' id='word_1_5' title='bbox 285 280 333 350; x_wconf 83' lang='lat' dir='ltr'><strong>qui</strong></span> <span class='ocrx_word' id='word_1_6' title='bbox 342 279 460 346; x_wconf 76' lang='lat' dir='ltr'><strong>vestigia</strong></span> <span class='ocrx_word' id='word_1_7' title='bbox 470 277 610 330; x_wconf 72' lang='lat' dir='ltr'><strong>subsecuti</strong></span> <span class='ocrx_word' id='word_1_8' title='bbox 620 265 706 341; x_wconf 62' lang='lat' dir='ltr'><strong>etant,</strong></span> <span class='ocrx_word' id='word_1_9' title='bbox 711 275 885 349; x_wconf 85' lang='lat' dir='ltr'><strong>deprehendi</strong></span> 
     </span>
     <span class='ocr_line' id='line_1_3' title="bbox 80 352 885 423; baseline -0.002 -16"><span class='ocrx_word' id='word_1_10' title='bbox 80 369 137 408; x_wconf 91' lang='lat' dir='ltr'><strong>non</strong></span> <span class='ocrx_word' id='word_1_11' title='bbox 147 355 278 423; x_wconf 86' lang='lat' dir='ltr'><strong>potnerit.</strong></span> <span class='ocrx_word' id='word_1_12' title='bbox 316 353 385 406; x_wconf 80' lang='lat' dir='ltr'><strong>Poet</strong></span> <span class='ocrx_word' id='word_1_13' title='bbox 394 353 540 406; x_wconf 84' lang='lat' dir='ltr'><strong>victoriam</strong></span> <span class='ocrx_word' id='word_1_14' title='bbox 552 352 659 404; x_wconf 89' lang='lat' dir='ltr'><strong>demum</strong></span> <span class='ocrx_word' id='word_1_15' title='bbox 669 367 840 420; x_wconf 80' lang='lat' dir='ltr'><strong>progressus,</strong></span> <span class='ocrx_word' id='word_1_16' title='bbox 853 360 885 405; x_wconf 89' lang='lat' dir='ltr'><strong>et</strong></span> 
     </span>
     <span class='ocr_line' id='line_1_4' title="bbox 83 417 884 494; baseline -0.001 -13"><span class='ocrx_word' id='word_1_17' title='bbox 83 429 187 481; x_wconf 77' lang='lat' dir='ltr'><strong>Caesar</strong></span> <span class='ocrx_word' id='word_1_18' title='bbox 207 427 409 492; x_wconf 70' lang='lat' dir='ltr'><strong>consalutatus,</strong></span> <span class='ocrx_word' id='word_1_19' title='bbox 433 417 568 478; x_wconf 82' lang='lat' dir='ltr'><strong>bonorem</strong></span> <span class='ocrx_word' id='word_1_20' title='bbox 590 431 736 494; x_wconf 84' lang='lat' dir='ltr'><strong>praeturae</strong></span> <span class='ocrx_word' id='word_1_21' title='bbox 754 427 884 482; x_wconf 72' lang='lat' dir='ltr'><strong>mennae</strong></span> 
     </span>
     <span class='ocr_line' id='line_1_5' title="bbox 84 499 885 571; baseline -0.004 -15"><span class='ocrx_word' id='word_1_22' title='bbox 84 517 145 557; x_wconf 88' lang='lat' dir='ltr'><strong>cnm</strong></span> <span class='ocrx_word' id='word_1_23' title='bbox 156 502 297 556; x_wconf 86' lang='lat' dir='ltr'><strong>consulari</strong></span> <span class='ocrx_word' id='word_1_24' title='bbox 310 505 450 571; x_wconf 73' lang='lat' dir='ltr'><strong>potestate</strong></span> <span class='ocrx_word' id='word_1_25' title='bbox 459 501 580 568; x_wconf 87' lang='lat' dir='ltr'><strong>suscepit</strong></span> <span class='ocrx_word' id='word_1_26' title='bbox 589 499 672 552; x_wconf 89' lang='lat' dir='ltr'><strong>titulo</strong></span> <span class='ocrx_word' id='word_1_27' title='bbox 683 506 775 563; x_wconf 89' lang='lat' dir='ltr'><strong>tenns;</strong></span> <span class='ocrx_word' id='word_1_28' title='bbox 796 515 885 568; x_wconf 83' lang='lat' dir='ltr'><strong>qnam</strong></span> 
     </span>
     <span class='ocr_line' id='line_1_6' title="bbox 82 574 883 642; baseline -0.002 -13"><span class='ocrx_word' id='word_1_29' title='bbox 82 576 303 630; x_wconf 82' lang='lat' dir='ltr'><strong>iurisdictionem</strong></span> <span class='ocrx_word' id='word_1_30' title='bbox 326 575 362 627; x_wconf 87' lang='lat' dir='ltr'><strong>ad</strong></span> <span class='ocrx_word' id='word_1_31' title='bbox 387 574 522 642; x_wconf 74' lang='lat' dir='ltr'><strong>collegam</strong></span> <span class='ocrx_word' id='word_1_32' title='bbox 547 574 703 640; x_wconf 81' lang='lat' dir='ltr'><strong>proximum</strong></span> <span class='ocrx_word' id='word_1_33' title='bbox 726 575 883 627; x_wconf 84' lang='lat' dir='ltr'><strong>transtulit.</strong></span> 
     </span>
     <span class='ocr_line' id='line_1_7' title="bbox 84 647 884 718; baseline -0.001 -16"><span class='ocrx_word' id='word_1_34' title='bbox 84 652 211 704; x_wconf 80' lang='lat' dir='ltr'><strong>ceterum</strong></span> <span class='ocrx_word' id='word_1_35' title='bbox 222 665 328 706; x_wconf 86' lang='lat' dir='ltr'><strong>omnem</strong></span> <span class='ocrx_word' id='word_1_36' title='bbox 337 649 393 702; x_wconf 83' lang='lat' dir='ltr'><strong>vim</strong></span> <span class='ocrx_word' id='word_1_37' title='bbox 404 647 602 701; x_wconf 89' lang='lat' dir='ltr'><strong>dominationis</strong></span> <span class='ocrx_word' id='word_1_38' title='bbox 611 653 669 718; x_wconf 78' lang='lat' dir='ltr'><strong>tam</strong></span> <span class='ocrx_word' id='word_1_39' title='bbox 678 647 792 700; x_wconf 79' lang='lat' dir='ltr'><strong>licenter</strong></span> <span class='ocrx_word' id='word_1_40' title='bbox 802 663 884 702; x_wconf 83' lang='lat' dir='ltr'><strong>exer-</strong></span> 
     </span>
     <span class='ocr_line' id='line_1_8' title="bbox 83 721 883 793; baseline -0.003 -15"><span class='ocrx_word' id='word_1_41' title='bbox 83 727 153 790; x_wconf 90' lang='lat' dir='ltr'><strong>cult,</strong></span> <span class='ocrx_word' id='word_1_42' title='bbox 173 725 274 776; x_wconf 90' lang='lat' dir='ltr'><strong>utiam</strong></span> <span class='ocrx_word' id='word_1_43' title='bbox 287 729 358 787; x_wconf 88' lang='lat' dir='ltr'><strong>tum,</strong></span> <span class='ocrx_word' id='word_1_44' title='bbox 380 722 470 791; x_wconf 84' lang='lat' dir='ltr'><strong>qualis</strong></span> <span class='ocrx_word' id='word_1_45' title='bbox 483 721 592 774; x_wconf 74' lang='lat' dir='ltr'><strong>tntum</strong></span> <span class='ocrx_word' id='word_1_46' title='bbox 606 727 690 786; x_wconf 89' lang='lat' dir='ltr'><strong>esset,</strong></span> <span class='ocrx_word' id='word_1_47' title='bbox 713 721 883 793; x_wconf 78' lang='lat' dir='ltr'><strong>ostenderet</strong></span> 
     </span>
     <span class='ocr_line' id='line_1_9' title="bbox 82 795 883 868; baseline -0.005 -15"><span class='ocrx_word' id='word_1_48' title='bbox 82 799 125 852; x_wconf 86' lang='lat' dir='ltr'><strong>Ne</strong></span> <span class='ocrx_word' id='word_1_49' title='bbox 140 813 274 868; x_wconf 85' lang='lat' dir='ltr'><strong>exsequar</strong></span> <span class='ocrx_word' id='word_1_50' title='bbox 288 797 409 865; x_wconf 77' lang='lat' dir='ltr'><strong>singula,</strong></span> <span class='ocrx_word' id='word_1_51' title='bbox 430 796 607 856; x_wconf 84' lang='lat' dir='ltr'><strong>contrectatis</strong></span> <span class='ocrx_word' id='word_1_52' title='bbox 621 795 769 847; x_wconf 88' lang='lat' dir='ltr'><strong>multorum</strong></span> <span class='ocrx_word' id='word_1_53' title='bbox 783 799 883 849; x_wconf 84' lang='lat' dir='ltr'><strong>uxori-</strong></span> 
     </span>
     <span class='ocr_line' id='line_1_10' title="bbox 81 863 883 940; baseline -0.002 -14"><span class='ocrx_word' id='word_1_54' title='bbox 81 874 147 939; x_wconf 86' lang='lat' dir='ltr'><strong>bus,</strong></span> <span class='ocrx_word' id='word_1_55' title='bbox 167 863 320 926; x_wconf 74' lang='lat' dir='ltr'><strong>obmittam</strong></span> <span class='ocrx_word' id='word_1_56' title='bbox 333 870 503 940; x_wconf 76' lang='lat' dir='ltr'><strong>Longinam,</strong></span> <span class='ocrx_word' id='word_1_57' title='bbox 521 869 601 921; x_wconf 81' lang='lat' dir='ltr'><strong>Aelio</strong></span> <span class='ocrx_word' id='word_1_58' title='bbox 620 867 737 922; x_wconf 82' lang='lat' dir='ltr'><strong>Lamiae</strong></span> <span class='ocrx_word' id='word_1_59' title='bbox 754 876 883 938; x_wconf 80' lang='lat' dir='ltr'><strong>nuptam,</strong></span> 
     </span>
     <span class='ocr_line' id='line_1_11' title="bbox 82 943 884 1012; baseline -0.002 -12"><span class='ocrx_word' id='word_1_60' title='bbox 82 949 167 1000; x_wconf 61' lang='lat' dir='ltr'><strong>ffiam</strong></span> <span class='ocrx_word' id='word_1_61' title='bbox 176 949 206 998; x_wconf 93' lang='lat' dir='ltr'><strong>in</strong></span> <span class='ocrx_word' id='word_1_62' title='bbox 216 945 420 1007; x_wconf 74' lang='lat' dir='ltr'><strong>matrimonium</strong></span> <span class='ocrx_word' id='word_1_63' title='bbox 431 943 560 1006; x_wconf 83' lang='lat' dir='ltr'><strong>abduxit;</strong></span> <span class='ocrx_word' id='word_1_64' title='bbox 580 949 664 1012; x_wconf 88' lang='lat' dir='ltr'><strong>atque</strong></span> <span class='ocrx_word' id='word_1_65' title='bbox 672 959 728 995; x_wconf 91' lang='lat' dir='ltr'><strong>nno</strong></span> <span class='ocrx_word' id='word_1_66' title='bbox 741 943 786 996; x_wconf 87' lang='lat' dir='ltr'><strong>die</strong></span> <span class='ocrx_word' id='word_1_67' title='bbox 796 949 884 1012; x_wconf 83' lang='lat' dir='ltr'><strong>snp&#39;er</strong></span> 
     </span>
     <span class='ocr_line' id='line_1_12' title="bbox 80 1015 882 1092; baseline -0.005 -17"><span class='ocrx_word' id='word_1_68' title='bbox 80 1023 181 1092; x_wconf 73' lang='lat' dir='ltr'><strong>viginti</strong></span> <span class='ocrx_word' id='word_1_69' title='bbox 189 1021 297 1074; x_wconf 81' lang='lat' dir='ltr'><strong>urbeaia</strong></span> <span class='ocrx_word' id='word_1_70' title='bbox 307 1019 400 1072; x_wconf 86' lang='lat' dir='ltr'><strong>olliele</strong></span> <span class='ocrx_word' id='word_1_71' title='bbox 409 1023 492 1086; x_wconf 84' lang='lat' dir='ltr'><strong>atque</strong></span> <span class='ocrx_word' id='word_1_72' title='bbox 501 1018 646 1086; x_wconf 77' lang='lat' dir='ltr'><strong>peregrina</strong></span> <span class='ocrx_word' id='word_1_73' title='bbox 660 1015 815 1083; x_wconf 79' lang='lat' dir='ltr'><strong>distribuit,</strong></span> <span class='ocrx_word' id='word_1_74' title='bbox 829 1017 882 1071; x_wconf 71' lang='grc' dir='ltr'><strong>πυ·-</strong></span> 
     </span>
     <span class='ocr_line' id='line_1_13' title="bbox 81 1092 882 1168; baseline -0.004 -19"><span class='ocrx_word' id='word_1_75' title='bbox 81 1097 141 1149; x_wconf 81' lang='lat' dir='ltr'><strong>rors&#39;</strong></span> <span class='ocrx_word' id='word_1_76' title='bbox 154 1112 181 1149; x_wconf 84' lang='lat' dir='ltr'><strong>ss</strong></span> <span class='ocrx_word' id='word_1_77' title='bbox 190 1094 363 1163; x_wconf 73' lang='lat' dir='ltr'><strong>Vespasiano</strong></span> <span class='ocrx_word' id='word_1_78' title='bbox 379 1092 535 1168; x_wconf 73' lang='lat' dir='ltr'><strong>dictitante,</strong></span> <span class='ocrx_word' id='word_1_79' title='bbox 557 1092 627 1160; x_wconf 78' lang='lat' dir='ltr'><strong>qnod</strong></span> <span class='ocrx_word' id='word_1_80' title='bbox 639 1107 811 1156; x_wconf 72' lang='lat' dir='ltr'><strong>concessorem</strong></span> <span class='ocrx_word' id='word_1_81' title='bbox 825 1109 882 1146; x_wconf 77' lang='lat' dir='ltr'><strong>non</strong></span> 
     </span>
     <span class='ocr_line' id='line_1_14' title="bbox 81 1169 301 1224; baseline -0.023 0"><span class='ocrx_word' id='word_1_82' title='bbox 81 1170 168 1224; x_wconf 79' lang='lat' dir='ltr'><strong>etes&#39;ls&#39;</strong></span> <span class='ocrx_word' id='word_1_83' title='bbox 175 1169 301 1222; x_wconf 71' lang='lat' dir='ltr'><strong>notitam.</strong></span> 
     </span>
    </p>
   </div>
   <div class='ocr_carea' id='block_1_3' title="bbox 138 1233 975 1312">
    <p class='ocr_par' dir='ltr' id='par_1_3' title="bbox 138 1233 975 1312">
     <span class='ocr_line' id='line_1_15' title="bbox 138 1233 975 1312; baseline -0.006 -16"><span class='ocrx_word' id='word_1_84' title='bbox 138 1245 173 1296; x_wconf 92' lang='lat' dir='ltr'><strong>ll.</strong></span> <span class='ocrx_word' id='word_1_85' title='bbox 192 1234 404 1312; x_wconf 83' lang='lat' dir='ltr'><strong>Expeditionem</strong></span> <span class='ocrx_word' id='word_1_86' title='bbox 416 1255 525 1311; x_wconf 79' lang='lat' dir='ltr'><strong>quoque</strong></span> <span class='ocrx_word' id='word_1_87' title='bbox 534 1239 565 1291; x_wconf 92' lang='lat' dir='ltr'><strong>in</strong></span> <span class='ocrx_word' id='word_1_88' title='bbox 576 1237 696 1290; x_wconf 78' lang='lat' dir='ltr'><strong>Galbam</strong></span> <span class='ocrx_word' id='word_1_89' title='bbox 703 1238 880 1293; x_wconf 80' lang='lat' dir='ltr'><strong>Germanias-</strong></span> <span class='ocrx_word' id='word_1_90' title='bbox 974 1233 975 1240; x_wconf 72' lang='grc'>’</span> 
     </span>
    </p>
   </div>
   <div class='ocr_carea' id='block_1_4' title="bbox 32 1313 883 2718">
    <p class='ocr_par' dir='ltr' id='par_1_4' title="bbox 32 1313 883 2718">
     <span class='ocr_line' id='line_1_16' title="bbox 84 1313 881 1388; baseline -0.006 -16"><span class='ocrx_word' id='word_1_91' title='bbox 84 1333 150 1388; x_wconf 82' lang='lat' dir='ltr'><strong>qne,</strong></span> <span class='ocrx_word' id='word_1_92' title='bbox 170 1315 465 1386; x_wconf 85' lang='lat' dir='ltr'><strong>nequenecessnriam,</strong></span> <span class='ocrx_word' id='word_1_93' title='bbox 485 1313 745 1366; x_wconf 87' lang='lat' dir='ltr'><strong>etdissuadentibns</strong></span> <span class='ocrx_word' id='word_1_94' title='bbox 756 1317 881 1382; x_wconf 82' lang='lat' dir='ltr'><strong>paternis</strong></span> 
     </span>
     <span class='ocr_line' id='line_1_17' title="bbox 59 1387 883 1457; baseline -0.005 -11"><span class='ocrx_word' id='word_1_95' title='bbox 59 1387 61 1400; x_wconf 92' lang='lat'>&#39;</span> <span class='ocrx_word' id='word_1_96' title='bbox 84 1394 194 1457; x_wconf 84' lang='lat' dir='ltr'><strong>amieis,</strong></span> <span class='ocrx_word' id='word_1_97' title='bbox 214 1389 369 1454; x_wconf 80' lang='lat' dir='ltr'><strong>inchoavit,</strong></span> <span class='ocrx_word' id='word_1_98' title='bbox 384 1395 492 1442; x_wconf 85' lang='lat' dir='ltr'><strong>tantum</strong></span> <span class='ocrx_word' id='word_1_99' title='bbox 502 1387 624 1440; x_wconf 78' lang='lat' dir='ltr'><strong>uttratri</strong></span> <span class='ocrx_word' id='word_1_100' title='bbox 635 1403 664 1439; x_wconf 89' lang='lat' dir='ltr'><strong>se</strong></span> <span class='ocrx_word' id='word_1_101' title='bbox 674 1394 702 1439; x_wconf 90' lang='lat' dir='ltr'><strong>et</strong></span> <span class='ocrx_word' id='word_1_102' title='bbox 712 1389 841 1455; x_wconf 86' lang='lat' dir='ltr'><strong>operibus</strong></span> <span class='ocrx_word' id='word_1_103' title='bbox 853 1396 883 1442; x_wconf 90' lang='lat' dir='ltr'><strong>et</strong></span> 
     </span>
     <span class='ocr_line' id='line_1_18' title="bbox 84 1461 879 1536; baseline -0.006 -15"><span class='ocrx_word' id='word_1_104' title='bbox 84 1469 245 1536; x_wconf 55' lang='lat' dir='ltr'><strong>&amp;mationa</strong></span> <span class='ocrx_word' id='word_1_105' title='bbox 265 1464 443 1533; x_wconf 73' lang='lat' dir='ltr'><strong>adaequaret.</strong></span> <span class='ocrx_word' id='word_1_106' title='bbox 482 1463 525 1515; x_wconf 80' lang='lat' dir='ltr'><strong>nb</strong></span> <span class='ocrx_word' id='word_1_107' title='bbox 550 1461 619 1514; x_wconf 89' lang='lat' dir='ltr'><strong>haec</strong></span> <span class='ocrx_word' id='word_1_108' title='bbox 642 1469 797 1531; x_wconf 88' lang='lat' dir='ltr'><strong>correptus,</strong></span> <span class='ocrx_word' id='word_1_109' title='bbox 822 1479 879 1530; x_wconf 89' lang='lat' dir='ltr'><strong>quo</strong></span> 
     </span>
     <span class='ocr_line' id='line_1_19' title="bbox 83 1535 881 1610; baseline -0.005 -16"><span class='ocrx_word' id='word_1_110' title='bbox 83 1541 173 1610; x_wconf 80' lang='lat' dir='ltr'><strong>magis</strong></span> <span class='ocrx_word' id='word_1_111' title='bbox 184 1548 212 1594; x_wconf 88' lang='lat' dir='ltr'><strong>et</strong></span> <span class='ocrx_word' id='word_1_112' title='bbox 222 1539 321 1592; x_wconf 87' lang='lat' dir='ltr'><strong>aetatis</strong></span> <span class='ocrx_word' id='word_1_113' title='bbox 332 1544 360 1590; x_wconf 91' lang='lat' dir='ltr'><strong>et</strong></span> <span class='ocrx_word' id='word_1_114' title='bbox 370 1537 539 1592; x_wconf 85' lang='lat' dir='ltr'><strong>conditionis</strong></span> <span class='ocrx_word' id='word_1_115' title='bbox 549 1535 754 1599; x_wconf 83' lang='lat' dir='ltr'><strong>admoneretur,</strong></span> <span class='ocrx_word' id='word_1_116' title='bbox 771 1535 881 1590; x_wconf 83' lang='lat' dir='ltr'><strong>habito·</strong></span> 
     </span>
     <span class='ocr_line' id='line_1_20' title="bbox 82 1609 881 1682; baseline -0.006 -13"><span class='ocrx_word' id='word_1_117' title='bbox 82 1618 133 1669; x_wconf 83' lang='lat' dir='ltr'><strong>bat</strong></span> <span class='ocrx_word' id='word_1_118' title='bbox 142 1631 203 1667; x_wconf 87' lang='lat' dir='ltr'><strong>eum</strong></span> <span class='ocrx_word' id='word_1_119' title='bbox 213 1621 291 1682; x_wconf 85' lang='lat' dir='ltr'><strong>patre</strong></span> <span class='ocrx_word' id='word_1_120' title='bbox 300 1627 365 1676; x_wconf 87' lang='lat' dir='ltr'><strong>nna,</strong></span> <span class='ocrx_word' id='word_1_121' title='bbox 376 1611 527 1680; x_wconf 81' lang='lat' dir='ltr'><strong>sellamque</strong></span> <span class='ocrx_word' id='word_1_122' title='bbox 537 1612 596 1663; x_wconf 88' lang='lat' dir='ltr'><strong>eius</strong></span> <span class='ocrx_word' id='word_1_123' title='bbox 607 1626 640 1663; x_wconf 89' lang='lat' dir='ltr'><strong>ae</strong></span> <span class='ocrx_word' id='word_1_124' title='bbox 649 1609 744 1662; x_wconf 77' lang='lat' dir='ltr'><strong>fratria</strong></span> <span class='ocrx_word' id='word_1_125' title='bbox 748 1647 757 1674; x_wconf 93' lang='lat'><strong>,</strong></span> <span class='ocrx_word' id='word_1_126' title='bbox 769 1613 881 1682; x_wconf 86' lang='lat' dir='ltr'><strong>quoties</strong></span> 
     </span>
     <span class='ocr_line' id='line_1_21' title="bbox 82 1683 881 1761; baseline -0.006 -17"><span class='ocrx_word' id='word_1_127' title='bbox 82 1689 238 1761; x_wconf 83' lang='lat' dir='ltr'><strong>prodirent,</strong></span> <span class='ocrx_word' id='word_1_128' title='bbox 249 1688 348 1740; x_wconf 87' lang='lat' dir='ltr'><strong>lectica</strong></span> <span class='ocrx_word' id='word_1_129' title='bbox 358 1686 539 1752; x_wconf 68' lang='lat' dir='ltr'><strong>sequebatur,</strong></span> <span class='ocrx_word' id='word_1_130' title='bbox 558 1683 767 1754; x_wconf 86' lang='lat' dir='ltr'><strong>actrinmphum</strong></span> <span class='ocrx_word' id='word_1_131' title='bbox 777 1687 881 1754; x_wconf 73' lang='lat' dir='ltr'><strong>atrim-</strong></span> 
     </span>
     <span class='ocr_line' id='line_1_22' title="bbox 84 1759 882 1836; baseline -0.006 -18"><span class='ocrx_word' id='word_1_132' title='bbox 84 1764 287 1836; x_wconf 85' lang='lat' dir='ltr'><strong>qnelndaienm</strong></span> <span class='ocrx_word' id='word_1_133' title='bbox 297 1775 376 1829; x_wconf 84' lang='lat' dir='ltr'><strong>equo</strong></span> <span class='ocrx_word' id='word_1_134' title='bbox 384 1759 449 1812; x_wconf 90' lang='lat' dir='ltr'><strong>albo</strong></span> <span class='ocrx_word' id='word_1_135' title='bbox 463 1761 611 1812; x_wconf 75' lang='lat' dir='ltr'><strong>comitanus</strong></span> <span class='ocrx_word' id='word_1_136' title='bbox 626 1766 676 1811; x_wconf 84' lang='lat' dir='ltr'><strong>eet.</strong></span> <span class='ocrx_word' id='word_1_137' title='bbox 713 1759 746 1812; x_wconf 90' lang='lat' dir='ltr'><strong>ln</strong></span> <span class='ocrx_word' id='word_1_138' title='bbox 756 1773 803 1812; x_wconf 76' lang='lat' dir='ltr'><strong>sex</strong></span> <span class='ocrx_word' id='word_1_139' title='bbox 814 1775 882 1814; x_wconf 83' lang='lat' dir='ltr'><strong>con-</strong></span> 
     </span>
     <span class='ocr_line' id='line_1_23' title="bbox 83 1833 881 1903; baseline -0.006 -10"><span class='ocrx_word' id='word_1_140' title='bbox 83 1840 221 1893; x_wconf 86' lang='lat' dir='ltr'><strong>sulatibus</strong></span> <span class='ocrx_word' id='word_1_141' title='bbox 226 1851 290 1890; x_wconf 85' lang='lat' dir='ltr'><strong>non</strong></span> <span class='ocrx_word' id='word_1_142' title='bbox 303 1835 359 1888; x_wconf 85' lang='lat' dir='ltr'><strong>nisi</strong></span> <span class='ocrx_word' id='word_1_143' title='bbox 372 1849 456 1886; x_wconf 88' lang='lat' dir='ltr'><strong>nnnm</strong></span> <span class='ocrx_word' id='word_1_144' title='bbox 467 1833 637 1888; x_wconf 82' lang='lat' dir='ltr'><strong>ordinarium</strong></span> <span class='ocrx_word' id='word_1_145' title='bbox 647 1835 747 1902; x_wconf 79' lang='lat' dir='ltr'><strong>gessit,</strong></span> <span class='ocrx_word' id='word_1_146' title='bbox 761 1849 881 1903; x_wconf 86' lang='lat' dir='ltr'><strong>eamque</strong></span> 
     </span>
     <span class='ocr_line' id='line_1_24' title="bbox 84 1907 881 1977; baseline -0.004 -10"><span class='ocrx_word' id='word_1_147' title='bbox 84 1910 412 1977; x_wconf 79' lang='lat' dir='ltr'><strong>cedenteetsuliragante</strong></span> <span class='ocrx_word' id='word_1_148' title='bbox 421 1907 516 1961; x_wconf 81' lang='lat' dir='ltr'><strong>iratae.</strong></span> <span class='ocrx_word' id='word_1_149' title='bbox 547 1907 881 1975; x_wconf 71' lang='lat' dir='ltr'><strong>Similiavitetipsemira</strong></span> 
     </span>
     <span class='ocr_line' id='line_1_25' title="bbox 82 1981 879 2054; baseline -0.02 -12"><span class='ocrx_word' id='word_1_150' title='bbox 82 1989 261 2050; x_wconf 68' lang='lat' dir='ltr'><strong>modestiam</strong></span> <span class='ocrx_word' id='word_1_151' title='bbox 281 1984 470 2054; x_wconf 84' lang='lat' dir='ltr'><strong>inprimisque</strong></span> <span class='ocrx_word' id='word_1_152' title='bbox 479 1983 606 2050; x_wconf 75' lang='lat' dir='ltr'><strong>politicae</strong></span> <span class='ocrx_word' id='word_1_153' title='bbox 616 1981 750 2046; x_wconf 87' lang='lat' dir='ltr'><strong>studium,</strong></span> <span class='ocrx_word' id='word_1_154' title='bbox 769 1988 827 2034; x_wconf 89' lang='lat' dir='ltr'><strong>tam</strong></span> <span class='ocrx_word' id='word_1_155' title='bbox 836 1984 879 2037; x_wconf 84' lang='lat' dir='ltr'><strong>in.</strong></span> 
     </span>
     <span class='ocr_line' id='line_1_26' title="bbox 84 2058 878 2128; baseline -0.008 -12"><span class='ocrx_word' id='word_1_156' title='bbox 84 2071 192 2116; x_wconf 87' lang='lat' dir='ltr'><strong>suetum</strong></span> <span class='ocrx_word' id='word_1_157' title='bbox 197 2069 279 2114; x_wconf 84' lang='lat' dir='ltr'><strong>antea</strong></span> <span class='ocrx_word' id='word_1_158' title='bbox 289 2061 440 2128; x_wconf 81' lang='lat' dir='ltr'><strong>eibi,qnam</strong></span> <span class='ocrx_word' id='word_1_159' title='bbox 450 2063 549 2125; x_wconf 87' lang='lat' dir='ltr'><strong>postea</strong></span> <span class='ocrx_word' id='word_1_160' title='bbox 559 2063 679 2125; x_wconf 86' lang='lat' dir='ltr'><strong>spretum</strong></span> <span class='ocrx_word' id='word_1_161' title='bbox 690 2065 717 2109; x_wconf 91' lang='lat' dir='ltr'><strong>et</strong></span> <span class='ocrx_word' id='word_1_162' title='bbox 727 2058 878 2110; x_wconf 81' lang='lat' dir='ltr'><strong>abiectum:</strong></span> 
     </span>
     <span class='ocr_line' id='line_1_27' title="bbox 83 2131 879 2205; baseline -0.009 -15"><span class='ocrx_word' id='word_1_163' title='bbox 83 2138 265 2205; x_wconf 81' lang='lat' dir='ltr'><strong>recitavitque</strong></span> <span class='ocrx_word' id='word_1_164' title='bbox 285 2135 368 2188; x_wconf 79' lang='lat' dir='ltr'><strong>etiam</strong></span> <span class='ocrx_word' id='word_1_165' title='bbox 387 2131 507 2200; x_wconf 69' lang='lat' dir='ltr'><strong>publicet</strong></span> <span class='ocrx_word' id='word_1_166' title='bbox 545 2132 603 2186; x_wconf 78' lang='lat' dir='ltr'><strong>Nec</strong></span> <span class='ocrx_word' id='word_1_167' title='bbox 621 2137 714 2184; x_wconf 88' lang='lat' dir='ltr'><strong>tamen</strong></span> <span class='ocrx_word' id='word_1_168' title='bbox 729 2147 762 2184; x_wconf 88' lang='lat' dir='ltr'><strong>eo</strong></span> <span class='ocrx_word' id='word_1_169' title='bbox 778 2132 879 2198; x_wconf 81' lang='lat' dir='ltr'><strong>secius,</strong></span> 
     </span>
     <span class='ocr_line' id='line_1_28' title="bbox 86 2204 879 2280; baseline -0.006 -16"><span class='ocrx_word' id='word_1_170' title='bbox 86 2227 169 2280; x_wconf 78' lang='lat' dir='ltr'><strong>quum</strong></span> <span class='ocrx_word' id='word_1_171' title='bbox 178 2210 347 2279; x_wconf 79' lang='lat' dir='ltr'><strong>Vologeses,</strong></span> <span class='ocrx_word' id='word_1_172' title='bbox 367 2204 533 2260; x_wconf 83' lang='lat' dir='ltr'><strong>Parthorum</strong></span> <span class='ocrx_word' id='word_1_173' title='bbox 547 2221 609 2271; x_wconf 81' lang='lat' dir='ltr'><strong>rex,</strong></span> <span class='ocrx_word' id='word_1_174' title='bbox 630 2205 879 2260; x_wconf 84' lang='lat' dir='ltr'><strong>anxiiiaadversns</strong></span> 
     </span>
     <span class='ocr_line' id='line_1_29' title="bbox 84 2279 879 2352; baseline -0.008 -14"><span class='ocrx_word' id='word_1_175' title='bbox 84 2287 201 2349; x_wconf 80' lang='lat' dir='ltr'><strong>Alanos,</strong></span> <span class='ocrx_word' id='word_1_176' title='bbox 213 2285 363 2352; x_wconf 85' lang='lat' dir='ltr'><strong>ducemque</strong></span> <span class='ocrx_word' id='word_1_177' title='bbox 377 2282 493 2333; x_wconf 87' lang='lat' dir='ltr'><strong>alterum</strong></span> <span class='ocrx_word' id='word_1_178' title='bbox 504 2295 538 2332; x_wconf 83' lang='lat' dir='ltr'><strong>ex</strong></span> <span class='ocrx_word' id='word_1_179' title='bbox 547 2280 715 2348; x_wconf 88' lang='lat' dir='ltr'><strong>Vespasiani</strong></span> <span class='ocrx_word' id='word_1_180' title='bbox 725 2279 819 2337; x_wconf 80' lang='lat' dir='ltr'><strong>liberio</strong></span> <span class='ocrx_word' id='word_1_181' title='bbox 830 2280 879 2332; x_wconf 87' lang='lat' dir='ltr'><strong>de·</strong></span> 
     </span>
     <span class='ocr_line' id='line_1_30' title="bbox 32 2354 879 2426; baseline -0.005 -16"><span class='ocrx_word' id='word_1_182' title='bbox 32 2371 34 2376; x_wconf 78' lang='grc'>’</span> <span class='ocrx_word' id='word_1_183' title='bbox 84 2359 268 2426; x_wconf 87' lang='lat' dir='ltr'><strong>poposcisset,</strong></span> <span class='ocrx_word' id='word_1_184' title='bbox 279 2357 355 2410; x_wconf 88' lang='lat' dir='ltr'><strong>omni</strong></span> <span class='ocrx_word' id='word_1_185' title='bbox 365 2371 417 2423; x_wconf 82' lang='lat' dir='ltr'><strong>opo</strong></span> <span class='ocrx_word' id='word_1_186' title='bbox 428 2355 582 2419; x_wconf 85' lang='lat' dir='ltr'><strong>contendit,</strong></span> <span class='ocrx_word' id='word_1_187' title='bbox 591 2361 623 2408; x_wconf 88' lang='lat' dir='ltr'><strong>ut</strong></span> <span class='ocrx_word' id='word_1_188' title='bbox 633 2355 693 2424; x_wconf 90' lang='lat' dir='ltr'><strong>ipse</strong></span> <span class='ocrx_word' id='word_1_189' title='bbox 703 2354 879 2422; x_wconf 86' lang='lat' dir='ltr'><strong>potissimum</strong></span> 
     </span>
     <span class='ocr_line' id='line_1_31' title="bbox 83 2427 879 2498; baseline 0 -17"><span class='ocrx_word' id='word_1_190' title='bbox 83 2433 246 2482; x_wconf 86' lang='lat' dir='ltr'><strong>mitteretur.</strong></span> <span class='ocrx_word' id='word_1_191' title='bbox 283 2430 397 2498; x_wconf 73' lang='lat' dir='ltr'><strong>thuin</strong></span> <span class='ocrx_word' id='word_1_192' title='bbox 407 2429 532 2480; x_wconf 85' lang='lat' dir='ltr'><strong>discussa</strong></span> <span class='ocrx_word' id='word_1_193' title='bbox 541 2445 585 2481; x_wconf 87' lang='lat' dir='ltr'><strong>res</strong></span> <span class='ocrx_word' id='word_1_194' title='bbox 597 2435 651 2494; x_wconf 88' lang='lat' dir='ltr'><strong>est,</strong></span> <span class='ocrx_word' id='word_1_195' title='bbox 672 2427 744 2481; x_wconf 92' lang='lat' dir='ltr'><strong>alios</strong></span> <span class='ocrx_word' id='word_1_196' title='bbox 756 2427 879 2481; x_wconf 83' lang='lat' dir='ltr'><strong>Orientis</strong></span> 
     </span>
     <span class='ocr_line' id='line_1_32' title="bbox 83 2501 878 2572; baseline 0.003 -20"><span class='ocrx_word' id='word_1_197' title='bbox 83 2517 171 2568; x_wconf 83' lang='lat' dir='ltr'><strong>reges,</strong></span> <span class='ocrx_word' id='word_1_198' title='bbox 180 2509 212 2553; x_wconf 88' lang='lat' dir='ltr'><strong>nt</strong></span> <span class='ocrx_word' id='word_1_199' title='bbox 221 2503 294 2554; x_wconf 84' lang='lat' dir='ltr'><strong>idem</strong></span> <span class='ocrx_word' id='word_1_200' title='bbox 304 2503 484 2572; x_wconf 85' lang='lat' dir='ltr'><strong>postularent,</strong></span> <span class='ocrx_word' id='word_1_201' title='bbox 491 2503 572 2556; x_wconf 76' lang='lat' dir='ltr'><strong>donia</strong></span> <span class='ocrx_word' id='word_1_202' title='bbox 583 2517 617 2553; x_wconf 90' lang='lat' dir='ltr'><strong>ac</strong></span> <span class='ocrx_word' id='word_1_203' title='bbox 625 2501 878 2570; x_wconf 79' lang='lat' dir='ltr'><strong>pollicitationibus</strong></span> 
     </span>
     <span class='ocr_line' id='line_1_33' title="bbox 77 2567 876 2641; baseline 0.005 -17"><span class='ocrx_word' id='word_1_204' title='bbox 77 2575 236 2627; x_wconf 78' lang='lat' dir='ltr'><strong>oollioitnro</strong></span> <span class='ocrx_word' id='word_1_205' title='bbox 245 2577 369 2627; x_wconf 76' lang='lat' dir='ltr'><strong>tentarit</strong></span> <span class='ocrx_word' id='word_1_206' title='bbox 407 2567 491 2626; x_wconf 80' lang='lat' dir='ltr'><strong>Patre</strong></span> <span class='ocrx_word' id='word_1_207' title='bbox 501 2575 644 2640; x_wconf 85' lang='lat' dir='ltr'><strong>defuncto,</strong></span> <span class='ocrx_word' id='word_1_208' title='bbox 660 2577 714 2628; x_wconf 89' lang='lat' dir='ltr'><strong>diu</strong></span> <span class='ocrx_word' id='word_1_209' title='bbox 723 2581 876 2641; x_wconf 70' lang='lat' dir='ltr'><strong>annotatus,</strong></span> 
     </span>
     <span class='ocr_line' id='line_1_34' title="bbox 84 2643 877 2718; baseline 0.006 -21"><span class='ocrx_word' id='word_1_210' title='bbox 84 2661 121 2696; x_wconf 79' lang='lat' dir='ltr'><strong>an</strong></span> <span class='ocrx_word' id='word_1_211' title='bbox 135 2646 248 2714; x_wconf 90' lang='lat' dir='ltr'><strong>duplum</strong></span> <span class='ocrx_word' id='word_1_212' title='bbox 263 2643 429 2712; x_wconf 75' lang='lat' dir='ltr'><strong>donativum,</strong></span> <span class='ocrx_word' id='word_1_213' title='bbox 438 2647 524 2700; x_wconf 84' lang='lat' dir='ltr'><strong>militi</strong></span> <span class='ocrx_word' id='word_1_214' title='bbox 533 2647 662 2716; x_wconf 83' lang='lat' dir='ltr'><strong>&#39;offerret,</strong></span> <span class='ocrx_word' id='word_1_215' title='bbox 682 2663 822 2718; x_wconf 80' lang='lat' dir='ltr'><strong>nunqnam</strong></span> <span class='ocrx_word' id='word_1_216' title='bbox 835 2648 877 2714; x_wconf 41' lang='lat' dir='ltr'><strong>iae</strong></span> 
     </span>
    </p>
   </div>
   <div class='ocr_carea' id='block_1_5' title="bbox 0 0 986 2962">
    <p class='ocr_par' dir='ltr' id='par_1_5' title="bbox 0 0 986 2962">
     <span class='ocr_line' id='line_1_35' title="bbox 0 0 986 2962; baseline 0 1"><span class='ocrx_word' id='word_1_217' title='bbox 0 0 986 2962; x_wconf 95' lang='lat' dir='ltr'><strong> </strong></span> 
     </span>
    </p>
   </div>
  </div>
 </body>
</html>
