1992 2962
280 117 391 166 uano.
425 95 638 168 curuo-sa.
809 117 859 176 att

64 235 198 298 arumde
208 255 247 301 se,
261 238 466 307 pronunciavit:
487 237 860 310 consolantique-nutriculae

62 324 93 370 et
103 316 168 368 aliis
179 327 288 380 quoque
297 313 353 364 iam
367 313 538 382 principibus
548 315 651 368 similia
662 317 794 372 accidisse
804 335 859 370 nse-

62 388 199 452 moranti,
216 385 250 438 Se
263 403 323 438 vero
328 395 437 453 praeter
447 396 545 440 ceterm
555 388 677 441 inaudito
687 398 715 442 et
722 389 859 460 incognita

59 460 132 532 pati,
139 459 290 529 respdndit,
297 459 343 528 qui
352 475 479 512 summum
488 461 626 529 imperium
635 462 705 514 uicus
716 463 858 517 amitteret.

64 537 126 592 Nec
136 551 170 588 eo
181 533 271 586 cecitas
282 533 429 603 quicquam
438 537 472 586 ex
484 537 680 588 consuetudine
690 537 858 607 lrrxusatque

43 633 45 638 ’
65 609 192 664 desidiae
203 608 349 660 omisit'rsl
357 609 503 665 imminuit.
543 609 859 680 Quintumquumpro-

65 683 143 752 s'peri
152 681 282 754 quiddam
293 696 326 733 ex
336 682 487 750 prusiadis
500 685 659 736 annuarum
673 690 757 748 esset,
778 701 860 752 super

66 756 331 812 abundantissimam
351 770 480 820 coenam,
497 756 635 810 iocrrlaria
652 759 682 810 in
697 757 859 810 deiectionis

66 832 152 884 duces
163 830 293 894 munina,
304 828 460 898 lasciueque
469 831 625 897 modulata,
637 847 707 900 qliae
717 833 799 900 uulgo
810 849 859 884 no-

66 909 188 968 tuerunt,
193 904 277 956 mam
286 902 466 970 gesticulatus
476 909 530 968 est;
541 919 575 956 ac
584 906 749 973 spectaculis
758 903 860 959 theatri

70 979 143 1032 clam
152 977 257 1042 illatus,
268 977 377 1030 cuidam
387 978 496 1030 scenico
506 978 627 1046 placanti
636 980 765 1032 nuncium
774 981 858 1044 misit,

66 1051 144 1106 abuti
152 1047 210 1104 sum
221 1050 433 1120 occupationibus
441 1051 503 1106 suis.

124 1125 223 1179 XLlll.
243 1118 325 1177 initio
337 1126 429 1177 statim
443 1126 576 1183 tumultus
587 1128 673 1180 multa
683 1135 710 1180 et
719 1128 858 1194 immania,

44 1212 46 1216 ⁴
67 1195 502 1256 vemmnouadhorreatiaasua
515 1208 626 1266 natiue,
647 1203 859 1258 eraditmdesti-
949 1200 952 1206 ’

69 1290 163 1330 nasses
183 1289 355 1328 successores
365 1289 595 1343 percussoresque
605 1277 773 1328 summittere
784 1291 858 1332 exer-

70 1352 141 1406 citas
160 1355 188 1402 et
205 1349 362 1415 provincias
385 1350 555 1415 regentibus,
581 1350 661 1418 quasi
685 1350 859 1416 conspiratis,

50 1435 52 1439 '
68 1425 196 1491 idemque
206 1429 233 1474 et
242 1437 326 1475 uuum
340 1423 532 1486 tendentibus3
553 1423 684 1492 quicquid
698 1425 799 1491 ubique
814 1439 859 1476 ex·

26 1528 30 1532 ·
70 1498 173 1562 sulum,
184 1497 314 1564 quicquid
323 1498 353 1548 in
362 1496 435 1549 Urbe
450 1495 590 1550 hominum
601 1495 807 1548 Gallicanorum
819 1514 859 1552 ea·

69 1578 125 1636 set,
140 1571 344 1635 contrucidare3
363 1571 443 1635 illos,
451 1586 494 1622 ne
505 1571 718 1623 desciscentibus
729 1587 859 1639 aggrega-

69 1650 177 1707 rentur3
196 1643 260 1709 hos,
280 1651 312 1696 ut
325 1645 452 1698 conscios
466 1644 640 1713 popularium
655 1661 767 1698 suorum
778 1652 860 1714 atque

69 1719 206 1773 fautores:
218 1717 327 1792 Gallias
336 1719 501 1774 exercitibus
511 1719 684 1788 diripiendas
691 1721 860 1787 permittcrc3

71 1799 196 1847 senatum
204 1793 360 1859 uuiversum
368 1808 473 1846 veneno
484 1810 533 1864 per
544 1795 670 1847 convivia
679 1809 789 1856 accursu
809 1794 861 1845 Ur·

69 1869 132 1921 bem
141 1867 298 1932 incendere,
312 1867 378 1920 ieris
387 1869 417 1920 iu
427 1869 557 1937 populum
567 1869 714 1933 immissis,
726 1882 782 1936 quo-
791 1867 860 1918 dissi-
957 1875 962 1890 ‘

71 1943 154 1996 cilicis
163 1941 361 1994 defenderetur.
400 1941 454 1994 Sed
465 1944 638 2007 absterritus,
658 1957 714 1994 non
729 1947 860 2008 tampoe-

70 2017 200 2079 nitentia,
214 2029 300 2082 wana
306 2015 471 2082 perficiendi·
477 2017 680 2084 desperatione,
696 2015 861 2082 credensque
875 2053 880 2060 .

70 2089 272 2156 expeditionem
282 2089 607 2154 necessariam,consules
617 2096 680 2144 aute
690 2096 796 2157 tempus
806 2089 861 2156 pri·

70 2164 146 2218 ravit
165 2161 283 2226 honore,
304 2168 385 2230 atquc
404 2163 435 2213 ln
446 2164 589 2234 utriusque
604 2165 694 2218 locum
709 2163 785 2216 solus
798 2163 863 2216 iniit

72 2235 254 2297 consulatum,
265 2237 346 2304 quasi
355 2235 440 2286 fatale
450 2242 529 2302 esset,
540 2254 596 2292 uon
606 2254 687 2306 posse
699 2237 808 2288 Gallias
817 2237 861 2289 dc·

71 2307 257 2372 bellari,-11isi
277 2322 294 2358 a
313 2324 343 2360 sa
363 2309 484 2360 consule.
522 2311 561 2362 tle
579 2312 712 2378 susceptis
730 2311 862 2376 fascrlras,

73 2398 156 2454 quum
176 2385 241 2450 post
264 2381 360 2449 epulas
382 2381 507 2434 triclinio
528 2383 730 2450 digrederetur,
752 2386 863 2436 innixtae

73 2458 192 2512 humeris
202 2454 380 2508 santiliarium
391 2456 665 2521 attitulavitsimulac
674 2459 791 2524 primum
800 2474 863 2524 pro-

6 2565 7 2600 ,
72 2535 191 2588 vinciam
202 2532 347 2600 attigisset,
357 2533 488 2584 inensem
497 2547 526 2584 se
536 2531 565 2582 in
576 2536 750 2598 conspectum
761 2532 863 2582 exerci-

6 2613 7 2624 ’
74 2617 150 2662 tuum
162 2607 349 2679 proditurum,
369 2621 420 2659 nec
435 2603 580 2675 qrricquam
595 2604 671 2656 aliud
684 2618 767 2672 quam
786 2602 863 2656 fletu·
