1992 2962
313 131 421 181 Nube.
457 131 527 180 osi.
544 131 659 178 12-15.
833 131 884 184 238

1 251 6 316 ι
89 253 279 326 ιιιοιιιιιιιιι
305 255 434 308 inritavit
454 261 484 306 ct
511 253 631 320 virgines
653 249 794 320 Vestales,
819 257 885 324 quis

92 329 239 398 Olympiae
249 343 358 400 qnoque
369 329 476 382 Cereris
485 327 675 380 sacerdotibus
685 335 809 396 spectare
819 345 885 382 con·

89 405 207 458 oediun.
532 399 536 405 ’

113 517 118 526 .
147 476 222 530 Xlll.
241 476 305 529 Nou
317 477 454 530 isemerito
468 477 540 528 inter
550 475 707 544 spectacula
717 477 752 528 ab
763 491 796 530 co
807 477 883 530 edita

91 557 120 604 ct
132 549 268 605 Tiridatis
281 551 311 602 iu
323 551 424 603 Urbem
441 551 585 603 introitum
602 550 750 603 retulerim.
795 550 882 612 Quem

1 655 2 682 ι
89 625 235 678 Armeniae
249 639 340 692 regern
359 625 474 692 magnis,
484 625 733 692 pollicitationibus
748 625 882 678 solliciti-

91 705 163 762 tun,
179 713 261 766 quum
272 697 409 750 destinato
420 713 469 765 per
478 697 598 750 edictum
608 697 653 750 die
663 703 822 751 ostensurus
832 714 881 767 po·

91 771 158 843 pulo
172 777 285 840 propter
297 771 421 824 nubilum
434 772 598 836 distulisset,
613 773 755 861 produxit,
766 788 821 840 quo
833 787 881 839 op·

1 851 2 858 ’
91 845 287 935 potentissime
311 846 413 915 potiit,
438 846 581 914 dispositis
604 848 679 898 circa
700 846 757 900 fori
779 846 882 916 templa

90 921 207 974 minatis
230 918 408 985 cohortibus,
437 920 526 972 curuli
548 921 671 972 residens
694 919 767 988 apud
789 926 882 972 rostra

91 993 285 1063 triumphantis
299 993 408 1059 habitu,
418 995 490 1046 inter
504 995 584 1060 signa
596 995 728 1049 militaria
742 1000 824 1062 atque
837 1008 882 1046 ve·

91 1069 179 1122 xilla·
199 1073 227 1120 et
245 1069 334 1136 primo
354 1084 403 1136 per
422 1068 554 1120 devexum
572 1069 706 1136 pulpitum
721 1069 882 1120 subeuntem

1 1137 9 1160 s
93 1141 206 1196 admisit
219 1142 254 1192 ad
268 1156 370 1210 genua,
385 1140 586 1206 allevatumqne
596 1142 692 1193 dextra
706 1141 882 1194 exosculatus

93 1223 148 1279 est3
159 1216 223 1268 dein
232 1215 368 1284 precanti
378 1214 592 1278 tiarsdcducta,
603 1214 730 1266 diadema
739 1215 880 1281 imposmt,

92 1290 177 1342 rerba
189 1289 322 1357 supplicis
336 1289 516 1356 interpretata
529 1289 670 1354 praetorio
683 1287 744 1340 viro
759 1287 894 1340 multitu..

1 1389 2 1392 ¹
93 1364 369 1432 iinipronuuciente.
407 1360 571 1414 Perductum
580 1359 881 1427 indeintheatrnm,ac

92 1453 187 1492 rursus
200 1438 411 1507 supplicantem,
425 1435 504 1486 iuxta
517 1449 547 1485 sc
557 1433 643 1487 latere
653 1435 748 1487 dextro
761 1435 882 1488 colloca·

92 1513 141 1564 ιιι.
181 1513 222 1565 0b
233 1527 303 1582 quae
312 1512 462 1579 imperator
472 1508 673 1573 consalutatus,
684 1509 819 1564 laureain
830 1510 880 1560 Ga·

91 1587 219 1653 pitolium
242 1587 313 1650 lata,
336 1585 433 1639 lanum
454 1583 592 1653 geminum
615 1578 726 1649 clausit,
749 1589 881 1654 tanquam

91 1660 167 1714 nullo
178 1661 290 1714 residuo
300 1660 383 1712 bello.

49 1793 53 1798 ,
147 1733 220 1788 xiv.
241 1734 406 1788 Consulatus
420 1739 539 1804 quatuor
550 1733 653 1801 gessit.
666 1732 784 1800 primum
797 1732 881 1784 bime·

91 1814 188 1873 strem,
203 1808 350 1861 nennium
365 1815 393 1861 et
405 1808 585 1861 novissimum
599 1813 755 1871 semestres,
769 1805 881 1858 tertium

91 1882 336 1951 quadrimestrem
354 1882 461 1934 medios
476 1883 547 1934 duos
562 1880 747 1945 continuavit,
757 1878 880 1948 reliquos

88 1957 163 2010 inter
172 1971 264 2010 annua
273 1957 365 2024 spatia
374 1956 501 2007 samarit.
545 1997 548 2001 .

145 2029 208 2084 XV.
233 2029 298 2082 ἰιιι
356 2028 476 2082 dictione
498 2027 738 2099 postulatoribus,
760 2027 817 2080 nisi
839 2041 880 2080 se·

90 2105 184 2173 quenti
194 2105 342 2172 dieecper
328 2103 473 2168 r'bellos,
484 2109 651 2155 nontensere
660 2101 811 2169 respondit.
849 2101 881 2152 ln

4 2223 6 2228 .
89 2176 283 2245 cognoscendo
293 2191 396 2229 morem
406 2192 467 2228 eum
477 2176 578 2240 tenuit
592 2181 635 2239 nt,
647 2175 793 2226 continuis
794 2177 881 2228 actm

88 2251 172 2304 nibus
183 2251 309 2323 omissis,
324 2249 484 2317 singillatim
500 2263 623 2318 quaeque
637 2248 767 2316 pervices
778 2256 880 2316 ageret.
957 2285 960 2300 .

91 2324 207 2387 Quoties
218 2329 308 2376 antem
319 2321 355 2374 ad
365 2323 573 2374 commtsndnm
584 2321 734 2388 secederet,
749 2335 838 2390 neque
850 2323 881 2374 in

90 2413 236 2452 commune
250 2397 409 2467 quicquam,
424 2411 512 2464 neque
526 2395 671 2464 propalam
690 2359 880 2460 deliberabat3

88 2473 139 2526 sed
154 2478 182 2526 et
195 2470 366 2539 conscriptas
381 2469 416 2522 ab
430 2485 596 2539 unoquoque
610 2470 759 2522 sententias
778 2471 880 2522 tacius

88 2563 124 2600 ae
132 2541 239 2602 cameto
250 2545 355 2616 legens,
371 2544 446 2615 quod
455 2545 511 2612 ipsi
521 2543 659 2610 libuisset,
673 2543 786 2613 perinde
797 2550 880 2612 atque

1 2613 3 2620 ’
87 2623 215 2692 pluribus
228 2622 301 2678 idem
314 2621 466 2687 videretur,
481 2619 692 2690 pronunciabat.
729 2617 761 2672 ιιι
775 2619 880 2672 mam
927 2631 929 2636 ’
