1964 2970
151 123 185 176 rc
270 157 272 162 .
425 123 452 170 c.
476 86 667 170 sunrouu

152 247 234 301 scriis
249 253 339 298 antem
351 245 468 315 pepigit,
493 250 536 308 ut,
558 242 679 294 dimissis
703 250 766 296 octo
785 243 952 312 legionibus

154 321 393 388 'Transalpinaque
408 318 514 383 Gallia,
529 319 601 369 duae
615 318 670 369 sibi
678 316 802 385 legiones
817 325 845 370 et
856 321 952 374 Cisal-

151 396 218 463 pina
228 395 379 462 provincia,
390 394 526 447 ueletiam
535 407 592 442 una
601 391 675 460 legio
687 391 867 460 cumlllyrico
881 411 952 448 con·

152 470 301 534 cederetur,
313 469 406 537 quoad
417 467 513 520 consul
522 467 607 518 fieret.

208 616 296 668 XXX.
316 615 418 670 Verum
428 629 515 684 neque
526 619 623 666 senatu
631 614 841 679 interveniente,
857 622 888 666 et
898 619 953 670 ad-

152 692 282 743 versariis
292 691 468 760 negantibus,
487 689 573 740 ullam
583 704 612 740 se
623 689 657 740 de
666 688 808 754 republica
817 687 953 743 facturos

151 765 316 833 pactionem,
327 765 437 815 transiit
450 765 479 814 in
491 763 646 816 citeriorem
657 761 791 826 Galliam3
803 767 954 816 conventi-

152 839 258 905 busque
268 839 387 906 peractis
397 837 543 890 Ravennae
552 837 688 900 substitit,
704 836 778 888 bello
789 837 954 890 vindicatu-

152 927 213 975 rus,
229 912 329 979 siquid
341 913 374 963 de
383 913 501 963 tribunis
511 910 600 978 plebis
609 899 840 962 intercedentibus
851 928 905 978 pro
918 930 954 966 sc

152 986 264 1054 gravius
276 1000 292 1036 a
303 991 400 1036 senatu
411 987 588 1038 constitutrnu
603 990 683 1036 essct.
721 983 758 1036 Et
771 993 954 1055 praetextum

153 1059 265 1127 quidem
273 1058 317 1110 illi
328 1059 448 1110 civilium
459 1075 597 1110 urniorum
608 1057 661 1110 hoc
670 1057 736 1120 fuit3
748 1073 846 1110 causas
853 1069 953 1113 antem

60 1172 62 1186 .
154 1134 225 1206 alias
235 1133 322 1185 fuisse
333 1135 489 1200 opinantur.
515 1134 562 1184 Cn.
574 1133 722 1200 Pompeius
731 1133 772 1183 ita
783 1133 951 1186 dictitabat:

154 1208 229 1275 quod
238 1223 325 1276 neque
337 1221 421 1276 opera
431 1223 628 1272 consummare,
640 1222 710 1274 quae
719 1208 888 1273 instituerat,
901 1225 952 1261 ne-

123 1316 127 1322 ·
154 1297 207 1349 que
226 1282 323 1350 populi
337 1282 581 1349 exspectationem,
603 1297 685 1348 qurum
705 1281 739 1332 dc
758 1281 879 1332 adventu
892 1299 950 1336 sno

153 1355 264 1420 iecerat,
270 1357 384 1423 privatis
396 1357 494 1424 opibus
505 1355 615 1422 explere
625 1356 843 1422 porsetturlrare
849 1359 952 1408 omnia

155 1444 188 1480 ac
197 1431 360 1497 permiscere
370 1431 500 1483 voluisse.
538 1429 594 1479 Alii
603 1429 728 1480 timuisse
739 1430 840 1494 dicunt,
851 1445 887 1482 ne
900 1447 949 1484 eo-

149 1519 227 1567 rum,
243 1519 313 1570 quae
323 1507 412 1572 primo
424 1503 570 1556 consulatu
580 1503 710 1553 adversus
722 1505 847 1570 arrspicia
857 1503 949 1572 leges-

155 1593 207 1646 que
218 1583 245 1629 et
254 1578 463 1630 intercessiones
473 1577 615 1643 gessisset,
627 1575 762 1626 rationem
772 1577 888 1629 reddere
901 1595 949 1631 co-

154 1658 275 1718 geretur:
300 1667 382 1720 quum
400 1651 439 1702 M.
458 1651 526 1700 cato
546 1647 707 1713 identidem,
728 1664 778 1700 nec
796 1651 855 1701 siue
874 1653 950 1705 iure-

154 1726 286 1790 iurando,
303 1725 491 1786 denunciaret,
506 1722 809 1775 delatunrmsenomen
820 1725 893 1790 cius,
911 1730 949 1779 si·

154 1800 246 1852 mulae
255 1800 371 1867 primum
382 1798 529 1849 exercitum
541 1795 702 1860 dimisissem
714 1813 850 1866 quumque
859 1801 948 1870 urigo

154 1873 216 1926 fore
226 1873 428 1941 praedicarent,
448 1878 492 1935 ut,
513 1871 538 1921 si
552 1870 676 1938 privatim
685 1871 814 1936 redisset,
829 1873 949 1928 Milonis

156 1948 280 2015 exemplo
293 1946 495 2014 circumpositis
510 1944 623 1996 armatis
634 1961 745 1997 oausam
757 1947 829 2014 apud
837 1947 949 2012 judices

156 2022 267 2074 diceret.
312 2021 393 2082 erod
413 2020 587 2088 probabilius
615 2018 686 2071 iacit
707 2022 818 2072 Asinius
841 2020 948 2089 Pollio,

155 2094 317 2148 Pharsalica
337 2095 396 2147 acie
415 2109 511 2147 caesos
534 2093 752 2164 profligatosque
772 2095 948 2151 adversarios

156 2171 376 2238 prospicientem,
382 2168 451 2222 haec
460 2185 521 2224 eum
533 2169 568 2220 ad
577 2169 690 2220 rerbrnn
700 2170 803 2220 dixisse
812 2167 947 2224 referens:

66 2292 69 2310 ,
156 2242 375 2316 Hoccolueruntr
402 2243 484 2296 tantis
501 2243 578 2295 rebus
594 2243 678 2312 gestis
693 2243 722 2295 O.
739 2243 837 2294 Cacsar
854 2247 948 2298 conde·

157 2327 261 2370 ornatus
272 2318 418 2382 eremmon·
426 2319 459 2370 ub
469 2317 587 2371 exercitu
597 2318 724 2370 cuntium
731 2317 861 2384 petissem.
876 2319 948 2380 Qui.

157 2393 220 2444 dam
231 2399 339 2460 putant,
356 2392 465 2460 captum
478 2393 585 2460 imperii
603 2392 811 2455 consuetudine,
826 2395 948 2471 pensitg,

156 2468 247 2534 tisque
265 2467 323 2518 suis
341 2473 369 2517 et
380 2467 554 2518 inimicorrmr
568 2467 685 2530 viribus,
705 2482 784 2517 ursum
801 2469 892 2519 occasi
917 2458 949 2516 ·‘·.

156 2541 306 2607 rapiendae
316 2539 530 2603 dominationis,
545 2547 735 2606 quam·aetate
749 2541 838 2608 prima
848 2485 950 2614 effi]

126 2639 132 2649 κ
156 2613 250 2680 pisset.
292 2613 372 2674 Quod
383 2613 554 2665 existimasse
564 2613 864 2684 videbaturetcicero,
878 2631 957 2676 scra*
