1992 2962
270 78 470 142 obsumus
506 89 720 142 caure-2⁰.
841 49 891 148 aas
977 109 979 114 ’

98 213 148 268 sed
168 212 253 266 ceteri
271 211 387 282 pedibus
407 218 435 278 et
452 213 482 265 in
496 210 650 283 praetexta,
676 217 791 269 crassus
805 203 891 290 Brugi

98 303 170 356 eque
180 286 334 357 phalerato,
346 287 411 340 etin
421 294 495 342 reste
505 288 636 357 palmata,
648 289 722 358 quod
732 307 794 344 eum
804 290 889 347 hono·
944 297 947 306 '

96 377 154 416 rem
165 363 321 414 iteraverat.
581 385 584 388 ·

153 433 253 488 xviii.
276 436 359 488 Urbis
382 449 560 505 annonaeque
580 451 673 488 curam
692 438 889 494 sollicitissime

97 524 205 578 semper
214 511 278 578 egit.
315 510 404 572 Quum
413 511 567 562 Aemiliana
576 513 743 585 pertinacius
754 513 888 580 arderent,

20 615 22 618 ·
95 584 295 638 iudiribitcric
307 584 414 636 duabus
423 585 678 642 noctibusmansit:
698 601 732 639 ae
746 587 888 643 deficiente

14 685 15 690 =
95 659 215 713 miiitum
236 673 270 710 ac
287 657 455 710 familiarum
473 659 568 724 turba,
589 659 694 712 auxilio
714 661 821 729 plebem
840 679 889 731 per

14 751 18 778 i
96 733 276 801 magistratus
284 746 319 784 ex
329 733 456 784 omnibus
465 733 534 785 vicis
544 735 719 798 convocavit3
736 751 777 799 ac,
788 737 887 805 positis

14 825 15 832 ¹
97 813 161 859 aute
171 822 201 860 se
212 821 272 862 curu
282 807 400 874 pecunia
410 807 496 872 fiscis,
517 807 553 858 ad
567 808 780 862 subveniendum
794 809 886 864 borta-

57 924 61 927 ,
95 888 142 934 tus
156 886 209 946 est,
229 885 482 949 repraesentaturus
499 897 551 951 pra
566 897 651 952 opera
665 883 776 950 dignam
790 885 888 952 carique

14 945 15 966 ³
96 955 258 1008 mercedem.
295 955 404 1007 Arn'ore
419 961 509 1007 antem
524 971 634 1008 annona
648 957 685 1010 cb
698 957 887 1012 assiduasste-

14 1093 15 1096 ,
96 1029 219 1084 rilitates
228 1029 353 1082 detentus
362 1029 502 1097 quondam
511 1031 602 1084 medio
613 1030 675 1084 iore
687 1033 808 1096 aturba,
823 1048 887 1084 ccu-

14 1131 15 1134 ¹
96 1103 231 1172 viciisque
246 1117 279 1154 ac
292 1103 376 1165 simui
387 1102 569 1170 fragminibus
583 1107 663 1174 panis
676 1105 717 1156 ita
732 1101 894 1170 infestatus,'
939 1151 946 1159 .

95 1184 128 1231 nt
138 1193 231 1245 aegre,
251 1177 365 1230 uecnisi
374 1178 498 1246 postico,
519 1178 634 1230 evadere
648 1181 677 1230 in
687 1178 826 1230 Palatium
840 1195 887 1231 ra-

14 1293 15 1298 ,
82 1247 192 1316 Ἰιιεῐίές
210 1250 281 1304 nihil
293 1267 349 1304 non
364 1251 532 1319 excogitavit
542 1253 577 1305 ad
586 1250 754 1304 iuvebendos
764 1254 846 1306 etiam
857 1255 886 1306 in

94 1335 219 1396 tempore
232 1324 346 1398 hiberno
361 1329 539 1377 comitatem
576 1325 648 1378 Nam
666 1332 693 1378 et
705 1327 885 1395 negotiatori-

14 1403 15 1406 ’
93 1399 487 1469 buscertaiucraprcpcsuit,
508 1401 839 1468 suseeptcinsedarnna‚
860 1403 886 1454 si

95 1476 142 1529 mii
152 1475 217 1544 quid
227 1489 277 1543 per
285 1479 459 1544 tempestates
470 1475 627 1540 accidisset,
649 1479 677 1527 et
685 1489 768 1527 naves
782 1491 883 1528 merca-

92 1555 173 1603 turae
187 1563 272 1601 causa
284 1548 485 1602 fabricantibus
503 1563 604 1616 magna
623 1550 768 1602 commoda
783 1551 883 1614 (xlx.)

90 1624 247 1688 constitnit,
257 1638 308 1692 pro
320 1623 478 1678 conditione
489 1623 632 1692 cuiusque:
649 1624 703 1675 civi
711 1625 883 1676 vacationem

92 1697 163 1766 legis
177 1695 286 1766 Papiae
294 1697 454 1768 Poppaeam
473 1697 576 1751 Latino
594 1699 638 1750 ius
660 1698 820 1761 Quiritium
844 1698 882 1750 ic-

92 1772 528 1841 minisinsqnarucriibercrnms
549 1787 619 1842 qnae
629 1773 779 1826 constituta
788 1770 882 1825 hodie·

70 1853 307 1916 praeserventur.

117 1947 119 1950 ·
148 1921 210 1973 XX.
232 1921 322 1990 Opera
334 1935 435 1990 magna
451 1921 598 1990 potiusque
611 1920 779 1984 necessaria,
800 1934 882 1988 quam

90 1995 187 2061 multa,
198 1995 325 2064 perfecit3
339 1997 388 2049 sed
397 1996 441 2048 vei
450 1997 607 2064 praecipua,
619 2009 751 2064 aquarum
761 1994 881 2059 sinuum,

91 2070 191 2123 aCain
208 2069 380 2133 inchoatum
403 2070 469 2122 item
488 2071 658 2123 emissarium
678 2069 776 2122 Fucini
795 2068 881 2132 lacus,

90 2151 254 2214 partiumque
265 2145 430 2196 Ostiensem:
451 2159 607 2213 quanquam
621 2145 716 2208 scum,
736 2139 827 2195 erbis
842 2143 880 2193 ai-

89 2225 179 2272 terum
194 2219 231 2270 ab
238 2220 361 2287 Augusto
378 2220 553 2286 precantibus
568 2218 677 2271 assidue
686 2217 789 2269 Marsis
797 2229 881 2284 nega·

16 2301 19 2308 '
88 2299 161 2358 tum,
183 2293 298 2346 alterurn
317 2308 336 2344 a
348 2291 420 2344 Dirc
435 2292 506 2345 lulio
521 2293 631 2361 saepius
650 2292 827 2356 destinatum,
848 2305 882 2342 ac

91 2367 554 2436 propterdiiiicultatemcmissum.
594 2366 726 2418 Claudiae
738 2381 826 2433 aquae
835 2379 880 2432 ge·

88 2442 163 2496 lidos
174 2447 202 2494 et
209 2443 309 2494 uberes
317 2439 416 2506 fontes,
428 2455 544 2508 quorum
555 2439 636 2491 alteri
647 2439 788 2504 Caeniiec,
800 2439 881 2490 alteri

91 2516 187 2568 Curtio
199 2522 227 2568 et
236 2515 373 2568 Albudinc
383 2529 482 2566 nemen
493 2520 546 2578 est,
557 2511 693 2581 simulque
702 2514 790 2564 rivum
800 2513 879 2562 Anie-

88 2591 132 2644 nis
142 2591 209 2643 ncsi
218 2590 328 2660 lapideo
341 2603 423 2661 spere
432 2589 462 2640 in
471 2588 570 2644 Urbem
581 2586 721 2656 perduxit,
733 2585 880 2654 divisitque
