1964 2970
192 655 740 742 Praefatio·

24 823 26 878 ι

24 925 26 972 l

345 905 511 922 tus-*u

97 1059 220 1183 Quum,
248 1111 365 1169 detritis
384 1129 438 1168 usu
455 1109 561 1170 tubulis
579 1111 769 1187 stereotypis,
795 1107 827 1164 in

47 1187 133 1260 quibus
159 1187 320 1250 Suetonius
345 1194 522 1270 perscriptus
549 1203 627 1267 eret,
657 1209 752 1250 novoe
777 1191 825 1246 de-

48 1285 109 1328 uum
127 1277 345 1354 pulcrioresque
366 1271 584 1334 substituendae
609 1283 718 1334 essent:
744 1281 773 1330 ct
795 1276 826 1329 in

48 1347 99 1425 loc,
107 1363 138 1412 ut
150 1357 181 1414 in
192 1361 262 1418 eliis
276 1359 476 1434 scriptoribus,
487 1359 650 1416 consultum
661 1360 757 1415 risum
770 1365 825 1427 est,

49 1448 94 1490 non
105 1443 332 1500 recentissimam
346 1443 473 1518 aliquam
489 1440 646 1498 editionem
660 1442 756 1517 sequi,
775 1437 826 1497 sed

49 1505 174 1608 donorum
187 1543 240 1601 ope
255 1525 396 1582 librorum
404 1525 568 1582 accuratius
576 1525 662 1600 psulo
672 1526 703 1581 in
713 1531 826 1580 textum
880 1553 882 1560 ι

48 1601 187 1679 ιιιςιιὶιοιι,
196 1607 390 1683 expensisque
400 1616 531 1664 veterum
544 1609 774 1665 membranorum
783 1607 825 1660 le-

48 1683 191 1761 ctionibus,
206 1705 272 1746 eam
279 1693 435 1746 restituere
443 1691 580 1765 scriptori
589 1690 711 1747 formam
720 1689 825 1744 dictio-

46 1778 166 1843 nesque,
192 1789 269 1847 quoe
292 1791 357 1828 oum
373 1772 430 1828 fide
446 1771 625 1849 dignissimis
642 1773 825 1848 antiquitatis

46 1855 225 1910 monumentis
248 1873 333 1930 quam
354 1856 462 1930 optime
485 1857 659 1912 concineret.
698 1853 747 1910 Ex
768 1871 824 1928 quo

46 1930 114 1986 enim
125 1933 359 2014 Oudendorpius‚
370 1945 464 1995 certos
474 1939 602 2014 aliquos,
611 1946 644 1993 ut
652 1937 701 2008 fit,
712 1935 826 1992 codices

45 2023 161 2089 locutus,
178 2020 328 2076 luculento
345 2038 397 2076 suo
415 2020 558 2092 editione,
577 2028 607 2076 et
624 2021 734 2076 criticis
748 2021 826 2075 notis

46 2110 87 2164 ptr
98 2107 164 2156 sone
176 2101 263 2158 bonis
276 2111 306 2158 et
320 2103 460 2159 exteriori
470 2105 557 2161 etiem
566 2111 669 2160 ornatu
683 2101 767 2158 valde
779 2103 826 2157 in-

46 2177 111 2253 ligni
120 2181 293 2242 Suetonium
305 2177 485 2258 exhibuerat,
491 2204 590 2243 omnes
600 2186 716 2241 omnino
725 2203 826 2242 reeen-

45 2259 122 2320 tiores
134 2267 219 2324 illum
232 2267 263 2323 iu
276 2269 421 2345 plerisque
432 2270 524 2326 secuti
538 2276 620 2340 sunt,
634 2267 690 2323 hoo
699 2276 825 2324 tentum-

45 2344 118 2402 nodo
131 2351 300 2427 plerumque
308 2361 439 2428 agentes,
452 2361 485 2408 ut
498 2369 545 2408 res
553 2352 591 2416 ,in
601 2359 718 2407 auctore
727 2351 827 2408 obvios

45 2421 210 2490 difficiliores
224 2434 462 2511 obscurioresque
479 2436 738 2510 interpretarentur
752 2433 827 2490 suis-

46 2517 183 2579 queuntis
200 2517 387 2574 illustrarent.
417 2517 495 2588 Nos,
509 2517 646 2574 adhibitis
660 2517 827 2571 melioribus

46 2587 133 2666 libris,
151 2609 342 2676 oocuroteque
360 2601 525 2657 examinato
539 2599 645 2672 ubique
658 2595 828 2652 Oudendor-

44 2672 80 2741 Ρίἰ
92 2676 215 2752 iudicio,
242 2683 381 2740 eclectico
405 2684 534 2750 ratione,
559 2681 723 2750 ubieunque
750 2677 800 2728 illi·

24 2755 249 2850 'peucolationes
269 2765 449 2824 indubitatae
471 2761 597 2820 iudicari
615 2757 752 2824 debuere,
