1964 2970
131 163 133 168 ,
205 121 330 187 ‘numus
356 137 512 187 cassan.
542 96 624 196 ‘cna
643 144 758 191 eo-rs.
844 143 876 194 ar

87 265 156 327 lam,
178 262 203 312 ci
214 269 397 330 granatorum
411 271 438 312 et
450 259 605 313 sicariorum
621 279 667 330 ope
679 263 707 316 in
723 265 818 316 tuenda
828 278 876 318 ma

84 337 218 408 dignitate
227 351 289 386 usus
299 344 376 398 earet,
398 335 493 387 talibus
506 351 606 403 quoque
619 352 646 388 ce
656 352 749 405 parere
756 339 876 407 gratiam

82 413 239 464 relaturum.

138 483 267 535 LXXlll.
287 481 447 534 simultates
467 478 565 534 contr'a
587 483 679 534 nullas
702 490 759 536 tam
777 499 874 552 graves

82 558 192 626 excepit
201 571 334 623 unquam,
354 562 450 608 utnon
465 558 611 623 occasione
627 558 722 609 oblata
732 558 818 609 libens
828 560 873 612 de·

81 638 207 701 poneret.
247 630 276 681 G.
286 630 428 695 Memmii,
444 631 521 682 cuins
532 631 689 698 asperrimis
701 633 873 685 orationibus

80 723 137 760 non
148 706 256 757 minore
267 705 417 755 acerbitate
430 701 622 771 rescripserat}
641 706 724 756 etiam
739 705 872 774 suffraga-

79 788 126 834 tor
136 794 203 831 mox
212 778 385 845 inpetitione
396 778 555 830 consulatus
565 777 626 829 fult.
661 779 691 830 C.
704 779 797 844 Calvo,
808 777 873 847 post

78 853 192 907 famosa
206 852 405 918 epigrammata
418 851 452 903 de
465 851 691 905 reconciliatione
705 868 754 921 per
768 855 871 906 amicos

80 927 187 996 agenti,
200 927 273 978 ultro
284 941 318 977 ac
326 923 405 993 prior
415 925 534 992 scripsit.
571 924 713 978 Valerium
723 929 870 992 Camillum,

79 1017 97 1053 a
107 1017 163 1072 quo
174 1001 230 1051 sibi
243 999 386 1051 versiculis
400 997 434 1051 de
443 999 584 1050 Mamurra
598 1008 729 1068 perpetua
742 1003 872 1068 sagmata

77 1075 278 1143 impositanon
288 1073 520 1134 dissimulaverat,
535 1074 760 1139 satisfacientem,
776 1075 871 1126 eadem

79 1149 124 1202 die
140 1147 269 1199 adhibuit
282 1161 396 1210 coenae,
418 1145 594 1214 hospitioque
608 1149 695 1215 patris
709 1149 780 1211 eins,
800 1149 872 1230 sicut

80 1227 270 1284 consueverat,
280 1221 323 1272 uti
332 1222 524 1287 perseveravit.

134 1293 262 1348 LXXIV.
283 1294 337 1346 Sed
347 1299 374 1346 et
383 1295 412 1350 in
425 1293 584 1346 ulciscendo
598 1301 698 1345 natura
707 1293 870 1347 lenissimus.

78 1369 199 1434 Piratae,
206 1384 224 1420 a
234 1368 333 1437 quibas
345 1375 440 1434 captus
451 1375 500 1433 est,
507 1361 590 1435 quum
600 1368 629 1418 in
640 1366 806 1422 deditionem
811 1366 871 1422 red-

78 1446 194 1512 egisset,
210 1443 551 1511 qnoniamsnt'dxnrumse
562 1442 710 1494 cruciante
722 1443 869 1508 iuraverat,

76 1518 202 1586 iugulari
210 1518 288 1584 prius
298 1517 392 1580 iussit,
413 1515 512 1568 deinde
522 1517 621 1584 suffigi.
661 1517 789 1570 Cornelio
800 1517 870 1569 Pha·

76 1593 166 1660 gitae,
188 1594 266 1644 onius
286 1589 425 1658 qnondam
444 1596 593 1643 nocturnas
611 1591 728 1643 insidias
743 1607 823 1660 aeger
837 1607 871 1644 ac

75 1667 176 1729 latens,
187 1682 221 1716 ne
230 1664 425 1732 perduceretur
435 1663 471 1715 ad
481 1664 597 1728 Sullam,
612 1667 659 1717 vix
668 1668 791 1733 praemio
803 1666 869 1718 dato

75 1746 212 1803 evasmat,
222 1738 361 1806 nunq’cam
371 1753 470 1790 nocere
480 1739 619 1791 sustinuit.
655 1738 870 1792 Philemonema

75 1829 163 1866 mann
172 1827 288 1877 serrum,
299 1814 347 1880 qui
356 1827 449 1864 necem
459 1827 538 1864 snam
551 1826 601 1880 per
609 1829 741 1866 venenum
750 1815 870 1865 inimicis

4 1879 6 1904 '
75 1889 252 1956 promiserat,
263 1902 319 1939 non
329 1885 440 1954 gravim
451 1903 533 1955 quam
544 1888 664 1954 simplici
673 1893 760 1939 morte
770 1887 868 1954 puniit.

76 1960 152 2012 lnP.
165 1961 304 2025 Clodium,
319 1959 468 2028 Pompeiae
482 1963 655 2013 uxoris'suae
666 1960 819 2012 adulterum
830 1966 869 2012 at·

75 2051 130 2102 qne
141 2034 236 2086 cadem
248 2035 281 2087 de
291 2035 547 2102 causapollntanrm
552 2035 779 2087 caerimoniarum
784 2049 869 2099 renm

74 2109 156 2162 testis
168 2109 267 2160 citatus
269 2110 393 2176 ,negarit
402 2125 431 2161 se
437 2111 582 2177 quicquam
588 2107 765 2176 comperisse
778 2123 870 2186 quam·

73 2183 119 2234 vis
133 2189 163 2234 et
175 2189 264 2234 mater
273 2182 385 2235 Aurelia
399 2189 427 2234 et
440 2199 521 2236 soror
530 2182 603 2234 lnlia
617 2182 691 2249 apud
704 2182 815 2234 eosdem
828 2175 871 2232 ln·

75 2257 154 2308 dices
166 2257 260 2309 omnia
271 2271 304 2308 ex
315 2258 368 2310 lide
378 2257 548 2319 retulissent3
562 2257 810 2323 interrogatusqne,
823 2271 872 2322 cur

73 2332 165 2398 igitur
183 2330 357 2396 repudiasset
373 2345 501 2394 uxorem,
519 2330 661 2394 Quoniam,
681 2331 783 2397 inquit,
802 2343 871 2382 meos

76 2414 133 2456 tam
144 2403 290 2472 suspicione
300 2421 378 2472 quam
388 2403 497 2458 crimine
507 2404 594 2458 iudico
604 2420 693 2457 carm
703 2413 831 2472 oportere.

132 2476 248 2529 LXXV.
268 2477 488 2534 Moderationem
501 2493 567 2531 vero
579 2479 802 2544 clementiamque
811 2485 869 2526 tum

73 2553 104 2603 in
115 2551 357 2605 administratione
366 2554 447 2604 tum
437 2569 467 2604 m
481 2553 599 2603 victoria
608 2552 675 2604 belli
685 2552 774 2602 civilis
785 2549 870 2598 admi-

75 2627 194 2679 rabilem
205 2623 339 2680 exhibuit.
377 2625 567 2682 Deunnciante
576 2625 721 2693 Pompelo,
728 2638 779 2690 pro
790 2619 870 2670 loan-
