1992 2962
172 121 222 174 2⁰6
448 123 476 170 C.
499 121 687 172 silurorum

171 247 231 298 iore
241 243 387 310 dedecore,
407 245 537 298 innoxios
551 244 608 297 iere
621 245 736 313 reperit3
756 245 961 314 quibuscunque

172 320 338 373 coelibatum
357 325 405 371 aut
425 319 571 372 orbitatem
591 325 639 371 aut
658 323 806 386 egestatem
821 320 961 385 obiiceret,

171 395 300 459 urarltos,
314 400 421 463 patres,
437 393 582 460 opulentos
596 409 625 444 se
639 392 834 460 probantibus3
854 409 887 446 eo
902 395 961 463 qui·
979 425 980 440 r

172 469 246 533 dem,
266 469 314 536 qui
323 468 434 520 sibimet
442 467 497 518 vim
506 465 581 519 ferro
592 467 717 520 intulisse
728 469 907 535 arguebatur,
928 469 960 519 il·
979 469 980 540 ξ

171 541 275 594 laesum
290 557 389 609 corpus
402 546 477 592 veste
492 539 619 608 deposita
639 546 802 594 ostentante.
839 541 961 594 Fuerunt

170 623 199 670 ct
211 615 262 673 illa
274 616 304 667 iu
318 627 433 667 censura
447 613 506 666 eius
518 613 668 680 notabilia,
689 615 764 684 quod
778 616 902 668 essedum
918 632 959 668 ar-

169 695 309 758 genteum,
324 693 482 757 sumptuose
492 687 670 753 fabricatum,
682 677 820 742 ac'vcnale
832 690 868 742 ad
879 689 959 758 Sigil-

170 765 254 828 laria,
269 763 369 815 redimi
378 761 541 832 concidique
551 755 644 816 coram
654 763 811 832 imperavit3
832 765 960 832 quodque

168 851 224 890 nuo
235 837 280 889 ulie
289 837 389 904 viginti
399 835 490 888 edicta
499 837 653 906 proposuit,
658 837 730 890 inter
740 852 810 906 quae
821 839 959 907 duo‚quo-

168 921 229 964 rum
248 909 336 962 altero
351 909 529 974 admonebat,
549 918 582 963 ut
593 909 670 963 uberi
681 909 816 963 vinearum
830 920 960 979 proveatu

170 983 231 1038 leus
241 983 311 1036 dolio
316 983 485 1052 piecreatur,
497 983 599 1048 altero,
609 982 678 1036 nibil
685 985 867 1057 cequesocere
877 985 913 1038 od
921 986 958 1038 υἰ-

164 1074 246 1128 perce
255 1074 378 1122 mormm,
389 1074 468 1125 quom
479 1057 538 1112 tuti
545 1057 649 1110 arboris
657 1074 775 1126 succum,

222 1130 310 1186 xv11.
320 1132 530 1202 Expeditionem
539 1147 623 1185 unam
633 1134 744 1186 omuino
751 1135 879 1203 suscepit,
886 1149 957 1188 eom-

169 1221 221 1277 quc
231 1207 377 1261 modicam.
418 1207 521 1272 Quum,
540 1207 657 1260 decretis
671 1208 727 1260 sibi
740 1222 758 1260 a
771 1215 868 1260 senatu
879 1225 957 1260 orna·
979 1213 980 1216 ’

168 1283 267 1338 mentis
276 1279 500 1350 triumplialibus,
520 1281 649 1334 leviorem
664 1283 804 1334 maiestati
813 1283 960 1352 principali

167 1355 278 1408 titolum
288 1356 480 1421 arbitraretur,
500 1355 634 1424 velletque
649 1357 717 1408 iusti
725 1355 857 1425 triumphi
867 1357 958 1422 decus,

166 1427 240 1480 uude
250 1431 416 1498 aeqtsireret,
430 1429 606 1485 Britanniam.
612 1431 786 1499 potissimum
797 1431 893 1499 elegit,
913 1447 958 1484 ne-

160 1503 222 1571 ‘que
233 1509 364 1556 tentatam
374 1505 426 1556 ulli
435 1511 499 1572 post
508 1504 609 1556 Divum
619 1505 734 1570 lulium,
747 1511 775 1558 et
783 1510 849 1559 tirno
858 1507 958 1559 tumul-

166 1582 287 1630 tuantem
300 1578 335 1630 ob
346 1593 402 1630 non
412 1579 535 1631 redditos
545 1578 712 1647 uansbsgas.
751 1579 815 1632 Huc
828 1595 912 1649 quum
923 1581 957 1632 ab

169 1649 247 1702 Ostia
256 1651 411 1718 navigaret,
431 1649 584 1704 vehementi
594 1653 684 1706 circio
700 1653 744 1706 bis
757 1669 843 1722 paene
855 1653 957 1707 demer-

168 1738 214 1776 sus
224 1728 273 1788 est,
284 1739 370 1792 prope
379 1725 535 1792 Ligruiam,
556 1727 688 1796 iuxtaque
698 1726 869 1781 Stoechadas
882 1729 958 1780 insu-

65 1861 68 1868 ,
167 1797 219 1850 las.
259 1798 350 1860 Quare
365 1813 383 1850 a
396 1799 525 1851 Massilia
539 1799 719 1854 Gesoriacum
731 1817 819 1870 usque
837 1803 960 1870 pedestri

166 1873 263 1925 itinere
274 1869 413 1938 coniecto,
433 1873 497 1926 inde
511 1875 677 1927 transmisit:
697 1891 731 1928 ac
740 1877 798 1928 sine
807 1876 867 1928 ullo
878 1893 959 1945 proe-

166 1947 204 1998 lio
216 1949 406 2015 autsangnine
414 1949 488 2000 intra
497 1949 679 2018 paucissimos
694 1951 752 2004 dits
762 1956 840 2018 parte
849 1951 960 2004 insulae

165 2023 195 2074 in
215 2021 381 2075 deditionem
401 2029 523 2091 recepta,
543 2029 621 2076 sexto
643 2039 725 2094 quam
744 2024 885 2094 proiectus
899 2034 961 2078 erat

165 2111 257 2148 mense
266 2095 381 2149 Romam
391 2097 485 2163 rediit,
500 2095 732 2169 triumphauitque
741 2099 862 2152 maximo
875 2114 961 2168 appa·

165 2173 237 2222 rotu.
274 2171 316 2222 Ad
336 2172 413 2232 cuius
432 2170 616 2238 spectaculum
637 2185 789 2237 commeare
808 2173 837 2224 in
856 2175 961 2226 Urbem

165 2258 222 2294 nou
230 2244 320 2296 solum
330 2245 715 2313 praesidibus-provinciarum
725 2241 858 2315 permisit,
863 2262 962 2299 verum

166 2319 249 2368 etiam
257 2319 399 2370 exsulibus
409 2319 585 2387 quibusdam
597 2327 679 2390 atque
688 2323 760 2374 iuter
770 2320 885 2375 hostilia
896 2337 961 2389 spo·
979 2381 980 2384 Ἴ

166 2388 205 2440 lia
213 2391 338 2443 naualem
350 2407 479 2444 coronam
490 2393 604 2460 fastigio
615 2394 760 2448 Palatinae
770 2396 868 2448 domus
878 2396 964 2446 iuxta

57 2490 59 2495 ·
166 2459 279 2514 ulmeam
290 2465 359 2529 lixit,
369 2467 481 2518 traiecti
489 2473 517 2518 et
526 2469 606 2534 quasi
617 2469 715 2522 domiti
726 2470 829 2522 Oceani
839 2470 959 2536 insigne.

167 2533 280 2590 currum
301 2539 360 2589 eius
373 2540 535 2593 Messaliina
553 2556 626 2593 uxor
645 2549 775 2610 carpento
795 2548 892 2595 secuta
907 2549 959 2596 est.
979 2555 980 2562 ¹

165 2606 259 2660 Secuti
268 2615 296 2660 et
305 2610 482 2680 triumphalia
492 2621 652 2668 ornamenta
662 2617 758 2687 codem
768 2617 841 2670 bello
849 2617 960 2685 adepti3
976 2671 980 2696 9
