1986 2960
237 123 489 176 OCTAVIANUS.
526 123 741 170 caneo-eo.
835 125 884 174 101

148 245 301 298 mxxxix,
320 247 362 298 Ne
372 245 541 320 Graecarum
557 231 665 312 quidem
677 245 884 314 disciplinarum

85 322 195 374 leviore
206 321 298 372 studio
307 323 464 390 tenebatem
484 321 513 370 in
529 319 628 387 quibus
643 325 670 369 et
683 311 752 386 ip'sis
762 330 884 386 praesta-

84 395 276 462 batlargittr,
297 396 429 462 magistro
445 394 554 446 dieendi
563 405 629 444 usus
638 393 809 460 Apollodoro
821 395 884 447 Per·

85 484 220 538 gameno,
242 485 321 537 quem
335 471 391 519 iam
405 468 534 536 grandem
549 473 617 518 natu
626 467 801 534 Apolloniam
817 483 884 536 quo·

87 559 145 612 que
155 557 247 594 semun
259 543 292 594 ab
304 543 376 594 Urbe
386 544 492 593 invenis
503 540 592 592 adhue
603 541 745 592 eduxerat.
778 542 884 594 Deinde
896 542 899 574 ³

86 618 176 670 etiam
186 617 340 668 eruditione
350 617 428 668 varia
437 607 557 684 repleius
572 621 613 666 est
625 631 675 682 per
684 615 749 668 Arei
761 615 884 684 philoso-

86 689 139 760 phi
148 691 323 758 liliorumque
334 691 404 755 eius,
425 681 557 756 Dionysii
571 696 598 742 et
607 689 767 754 Nicanoris,
789 697 883 742 conm-
965 742 971 754 ,

86 765 229 832 bernium,
248 771 405 816 nontamen
415 770 447 815 ut
457 768 505 814 aut
514 763 673 832 loqueretur
683 765 820 832 expedite,
837 771 885 814 aut
921 781 923 786 ·

88 853 257 908 componefe
267 839 372 906 aliquid
383 839 505 890 auderet.
543 838 614 890 Nam
625 845 652 890 et
661 839 686 888 si
697 839 763 906 quid
773 853 817 890 res
828 839 884 890 exi·
941 841 943 846 ’

86 918 176 982 geret,
187 913 271 975 latine
282 911 428 977 renuebat,
439 912 650 981 vertendumque
661 912 814 968 allidebat.
828 912 884 964 Sed

86 987 171 1055 plane
181 983 338 1054 poematum
348 1003 456 1054 quoque
466 1001 522 1038 non
532 987 684 1054 imperitus,
696 986 885 1040 delectabatur

88 1061 176 1112 etiam
185 1059 330 1112 comoedia
339 1061 437 1124 veteri3
453 1066 480 1112 et
494 1075 575 1128 saepe
590 1075 651 1112 eam
660 1058 785 1122 exhibuit
795 1061 883 1128 publi-

87 1136 130 1187 ois
140 1133 315 1202 spectaculis.
352 1133 384 1184 lu
394 1134 550 1186 evolvendis
561 1135 704 1201 utriusque
714 1133 825 1200 linguae
836 1149 883 1184 au-

87 1209 214 1262 etoribns
233 1206 302 1259 nihil
322 1221 408 1276 aeque
427 1209 595 1271 sectababu,
618 1221 699 1275 quem
719 1207 844 1275 exempla
857 1208 904 1258 et'

86 1287 238 1352 praecepta
256 1282 366 1350 publice
385 1281 429 1334 vel
442 1282 570 1348 privatim
582 1281 719 1342 salubria3
744 1295 832 1350 eaque
847 1281 883 1332 ad

87 1357 202 1410 verbum
212 1362 352 1424 exempta,
374 1355 467 1407 autad
478 1354 656 1417 domesticos,
677 1355 769 1404 autad
780 1357 882 1408 exerei-

86 1437 165 1484 tuum
176 1430 432 1498 provinciarumque
443 1435 575 1492 sectores,
597 1434 647 1478 aut
659 1427 694 1478 ad
705 1429 786 1480 Urbis
797 1432 882 1498 magi·

87 1511 194 1558 stratus
203 1505 364 1571 plerumque
373 1497 511 1566 mittebat,
526 1507 609 1570 prout
619 1502 720 1570 quique
730 1505 883 1556 monitione

84 1580 252 1646 indigerent.
290 1578 382 1636 Etiam
396 1579 483 1630 libres
497 1581 573 1629 totos
588 1582 617 1628 et
629 1578 738 1628 senatui
746 1579 881 1642 recitavit,

89 1661 118 1707 et
127 1653 232 1722 populo
242 1658 325 1704 notos
335 1667 383 1720 per
393 1653 512 1704 edietm
522 1667 604 1718 saepe
614 1650 689 1716 feeit,
700 1657 732 1704 ut
741 1653 882 1704 orationes
969 1683 972 1687 -

91 1728 126 1789 Q.
138 1727 246 1778 Metelli
255 1727 287 1777 de
291 1727 366 1793 prole
376 1727 507 1794 augenda,
519 1733 546 1777 et
554 1725 654 1776 Rutilii
664 1725 694 1776 de
704 1727 779 1777 modo
788 1725 882 1795 aediyi·

89 1801 208 1862 tiorum
227 1815 282 1867 quo
297 1799 387 1867 magis
400 1799 589 1868 persuaderet,
603 1806 749 1867 utramque
758 1816 814 1852 rem
825 1815 882 1852 nou

91 1889 109 1925 a
119 1889 148 1924 se
157 1875 246 1942 primo
258 1874 487 1938 animadversam,
503 1874 552 1925 sed
566 1874 687 1941 antiquis
696 1875 752 1924 iam
761 1880 827 1924 tunc
838 1889 882 1926 eu-

91 1947 244 2000 raefulsse.
273 1948 387 2014 ingenia
397 1948 502 2000 saeculi
511 1949 555 1999 sui
566 1949 692 2000 omnibus
702 1947 793 1998 modis
802 1947 883 2000 fovit.

91 2021 247 2074 Recitantes
258 2023 410 2090 etbenigne
420 2029 448 2074 et
456 2023 593 2091 patienter
602 2021 703 2084 audiit,
717 2035 767 2072 nee
776 2027 883 2073 tantum

92 2096 214 2146 earmina
233 2101 261 2146 et
279 2094 423 2161 historias,
444 2097 492 2148 sed
507 2101 535 2148 et
548 2096 689 2148 orationes
703 2102 731 2146 et
745 2094 882 2162 dialogos.

91 2169 227 2238 Componi
236 2176 328 2222 tamen
339 2171 445 2240 aliquid
456 2171 489 2222 de
500 2186 542 2234 se,
553 2171 610 2222 uisi
619 2175 646 2220 et
656 2170 729 2220 serio
740 2176 768 2219 et
778 2183 796 2220 a
804 2185 882 2238 prae·

89 2244 275 2308 nanflssimis,
287 2243 491 2306 offendebatur3
503 2243 721 2312 admonebatque
731 2251 881 2310 praetores,

87 2333 122 2370 ne
136 2323 296 2386 paterentur
308 2333 408 2372 nomen
421 2333 501 2370 suum
516 2317 757 2370 commissionibus
776 2319 882 2370 obsole-

1 2413 2 2440 1
87 2393 157 2444 fieri·

142 2466 201 2518 XC.
223 2465 305 2518 ciros
323 2466 473 2533 religiones
490 2465 576 2517 talem
596 2467 759 2534 accepimus.
799 2441 894 2518 Toni-¹

85 2547 151 2593 trus
170 2548 198 2592 et
217 2540 328 2608 fulgura
347 2539 442 2607 petilio
463 2540 599 2591 infirmius
619 2540 830 2607 expaveseebat3
853 2545 884 2590 ut

87 2629 194 2684 semper
215 2621 243 2668 et
260 2616 364 2686 ubique
377 2612 476 2682 pellem
489 2613 570 2667 vituli
584 2615 683 2676 marini
699 2611 885 2708 ebetimlerret
