1992 2962
252 114 321 161 GLA
328 113 449 164 UDIUS·
484 111 564 160 CAP.
584 111 624 158 2⁰.
643 111 684 158 21.
814 108 865 168 209

11 249 13 274 t
70 235 222 301 commisit,
235 250 431 305 nonuunquam
441 235 586 288 interiecta
595 249 645 303 per
654 235 754 303 quinos
764 234 865 290 missus

68 311 223 364 venatione.
263 312 344 362 circo
358 326 424 364 vero
438 310 563 363 maximo
573 310 865 368 marmoreis-carceri·

67 385 120 436 bus
132 385 290 452 auratisque
301 386 393 449 metis,
415 400 485 452 quae
499 390 617 452 utraque
626 389 654 435 et
663 381 779 452 tophina
789 399 822 436 oo
831 384 864 436 li·

67 471 140 526 gnea
151 463 232 509 antea
241 458 359 523 fueram,
366 459 484 522 exculto,
490 459 604 527 propria
613 459 789 510 senatoribus
799 473 863 510 con·

67 531 160 583 stiurit
173 532 251 597 loca,
271 533 428 601 promiscue
443 537 568 599 spectare
582 533 684 584 solitis.
722 533 762 584 Ae
781 547 863 598 supet

68 605 265 676 quadrigarum
284 607 436 660 certamina
449 607 552 658 'stolae
570 605 660 658 lusum
679 603 816 670 exhibuit,
836 610 864 658 et

66 678 224 744 Aiucanas,
246 681 407 733 conficiente
426 686 518 732 mrma
536 681 658 747 equitum
672 680 863 748 praetoriana·

66 767 141 817 rum,
162 755 277 806 ducibus
290 753 700 822 tribunisipsoquepraeieotoz
719 760 866 822 praeterea

8 843 9 862 ¹
53 823 219 880 'Thessalos
229 830 347 899 equites,
368 829 417 896 qui
430 828 506 881 feros
520 836 617 881 tauros
627 845 677 898 per
686 830 778 897 spatia
788 829 863 890 Circi

67 909 167 970 agunt,
188 903 368 972 insiliuntque
379 901 516 968 defessos,
536 909 565 956 et
575 903 610 954 ad
620 911 723 958 terram
733 904 864 956 cornibus

66 975 231 1037 detrahunt„
257 977 434 1030 Gladiatoria
444 993 557 1034 munera
567 979 741 1048 plurifariam
752 993 785 1030 ao
794 977 864 1030 ιιιιὼ

65 1051 176 1120 tiplicia
185 1051 319 1104 exhibuit.
357 1053 581 1106 Anniveraarium
594 1053 624 1104 ia
640 1055 738 1106 oasuis
754 1059 864 1120 praeto·

66 1127 168 1192 sionis,
180 1128 239 1179 siue
248 1129 394 1179 versatione
405 1133 607 1197 apparatuque,
618 1129 722 1182 iustrun
733 1133 816 1195 atque
825 1127 864 1178 le·

65 1202 194 1270 gitimum
204 1203 233 1253 iu
244 1201 348 1270 Septis,
358 1202 462 1253 ibidem
472 1202 723 1254 extraordinarium
735 1207 763 1254 et
771 1203 863 1264 breve,

66 1273 864 1344 dierumquepauoorum,quodqusappellarecoepitdpar·

66 1352 163 1413 mmm,
184 1352 250 1421 quia
260 1352 378 1419 primum
388 1350 503 1402 daturus
513 1350 649 1416 edixerat,
669 1347 862 1402 selutadeuii·
949 1401 952 1406 .

66 1434 123 1477 tam
134 1425 331 1492 condictamque
341 1426 475 1478 coenulam
484 1423 599 1478 inuitare
608 1440 634 1477 se
642 1427 774 1493 populum.
804 1424 863 1476 Neo

64 1500 125 1551 uilo
136 1501 287 1570 spectaculi
296 1516 395 1569 genere
406 1499 578 1552 communior
588 1507 637 1552 aut
645 1501 861 1562 remissiorerat,

65 1574 138 1626 adeo
153 1581 185 1626 ut
199 1576 310 1628 oblatos
322 1576 476 1629 uictoribus
490 1589 604 1640 aureos,
623 1575 734 1644 prolata
749 1575 863 1631 sinistra

64 1649 172 1718 pariter
191 1665 252 1702 eum
271 1652 369 1718 vulgo,
389 1665 457 1704 vooe
472 1650 622 1718 dign'tisqae
639 1656 808 1714 numeraret,
829 1664 862 1700 ao

64 1738 149 1790 saepe
159 1722 295 1777 hortando
310 1725 489 1796 rogandoque
504 1724 541 1776 ad
554 1723 722 1777 hilaritatem
737 1723 862 1776 homines

5 1841 10 1848 .
63 1805 243 1866 provocaret,
264 1799 380 1852 dominos
389 1800 538 1854 identidem
554 1799 709 1867 appellans,
728 1795 862 1850 immixtis

62 1872 202 1924 interdum
220 1872 329 1942 frigidis
344 1881 371 1927 et
385 1875 524 1926 arcessitis
537 1875 622 1928 iocis:
646 1873 737 1942 qualis
756 1878 810 1936 est,
830 1877 863 1923 ut

63 1961 150 2014 quum
161 1945 316 1999 Palumbum
325 1949 538 2016 postulantibus,
543 1948 668 2000 &turam
677 1963 712 2008 ee,
724 1946 860 2014 promisit,

63 2021 276 2088 sicoptueeeeet.
314 2022 611 2091 illudquoqueplaue,
632 2020 861 2089 quantumvissa·

62 2095 181 2147 iubriter
191 2102 218 2148 et
226 2097 256 2147 in
264 2104 400 2166 temporo:
411 2113 495 2165 quum
505 2097 654 2160 essedario,
665 2109 716 2164 pro
728 2109 782 2162 quo
793 2109 860 2163 qaa-

61 2176 129 2222 tuor
139 2169 192 2222 iiiii
205 2171 435 2239 deprecabantur,
455 2186 556 2238 magno
573 2169 695 2222 omnium
708 2167 804 2222 fauore
818 2169 860 2220 ia·
911 2190 916 2212 ι

63 2244 196 2298 doluisset
204 2247 313 2311 rudem,
326 2246 450 2298 tabulam
459 2247 536 2300 illico
547 2246 635 2310 misit,
651 2244 800 2298 admonens
810 2257 860 2310 po·

62 2319 170 2390 pulum,
181 2331 340 2388 quantopere
349 2321 443 2381 liberm
453 2320 583 2388 nmdpsre
593 2319 704 2382 dederet,
716 2333 780 2385 quae
789 2316 859 2370 aide·

63 2403 109 2448 ret
118 2404 146 2448 et
152 2394 300 2464 gladiatori
305 2395 439 2464 praesidio
452 2394 611 2465 gratiasque
625 2409 687 2447 ene.
726 2391 823 2445 Edidit
832 2398 860 2446 et

21 2513 25 2518 .
61 2469 202 2522 irrMartio
215 2485 311 2538 eampo
323 2470 552 2538 expugnationem
564 2468 800 2538 dtreptionemque
811 2482 859 2535 op·

61 2544 125 2614 pidi
136 2545 171 2596 ad
181 2545 327 2613 imaginem
338 2544 476 2607 bellicam,
488 2551 516 2596 et
525 2542 859 2598 deditionemBritaunise

60 2633 169 2687 rogum,
179 2619 371 2690 praeseditque
381 2619 539 2689 patuinus.
578 2619 652 2682 Quin
663 2628 698 2686 ot,
709 2619 859 2676 auhsum

98 2712 244 2761 suares.
632 2711 653 2759 ο
763 2748 767 2753 .
