1964 2970
154 110 283 160 IULIUS
311 111 462 162 CAESAR.
497 115 708 166 comm-bi.
794 117 828 167 2⁷

43 242 168 290 constans
180 235 276 302 opinio
288 240 337 298 est,
349 234 535 307 plurimasque
544 243 573 288 et
581 238 703 292 illustres
712 237 828 290 seminas

43 311 209 377 corrupisse3
238 309 268 359 in
288 309 387 374 quibus
406 309 575 362 Postumiam
596 312 684 364 Servii
704 312 828 379 Sulpicii,

42 384 160 436 Lolliam
174 381 241 432 Auli
255 380 379 446 Gabinii,
399 383 549 434 Tertullam
565 385 603 435 M.
620 386 725 449 Crassi,
745 386 828 437 etiam

44 459 86 510 cn.
96 457 227 528 Pompeii
235 455 366 506 Muciam.
404 456 475 508 Nam
487 463 558 509 certe
569 458 701 524 Pompeio
712 464 739 509 et
749 473 766 510 a
777 460 827 509 Cu·

43 533 163 583 tionibus
173 535 253 597 patre
263 535 291 580 et
301 530 372 594 illio,
388 536 416 582 et
429 545 450 581 a·
459 531 554 582 multis
569 533 763 598 exprobratum
778 540 827 596 est,

43 607 116 672 quod,
138 603 216 656 cuius
229 618 310 654 causa
321 613 382 670 post
394 613 447 656 tres
459 604 553 656 liberos
567 605 696 674 exegisset
711 621 826 668 uxorem,

42 689 66 731 et
76 694 153 746 quem
164 692 274 746 gestiens
284 675 440 746 Aegisthum
453 680 583 745 appellare
597 688 753 740 consuesset,
774 679 828 730 dm

39 762 125 820 postea
132 750 226 821 filium
235 750 370 817 potentiae
384 747 528 818 cupiditate
541 751 570 810 s'o
583 752 778 806 scammoniam
787 768 827 804 re·

42 826 154 894 cepisset.
195 824 250 876 Sed
270 829 332 876 ante
352 825 422 876 alias
443 825 540 878 dilexit
557 827 596 878 Μ.
615 827 695 878 Bruti
713 834 827 879 matrem

43 901 197 953 Serviliam:
228 898 273 948 cui
292 902 320 948 et
337 899 463 965 proximo
480 915 529 952 suo
546 900 689 951 consulatu
703 902 827 968 sexagies

41 974 164 1027 assertio
175 970 355 1038 margaritam
366 979 502 1024 mercatus
513 980 565 1037 est,
577 980 604 1025 et
613 974 686 1026 bello
698 975 773 1026 civili
783 991 826 1025 su-

42 1048 169 1114 petaliae
183 1045 348 1096 donationes
363 1046 533 1112 amplisma
546 1047 662 1114 praedia
674 1063 708 1098 ex
723 1049 827 1099 auctio·

42 1123 116 1189 nibus
127 1119 227 1170 hastae
236 1133 347 1186 nummo
358 1120 476 1171 addixit:
497 1136 579 1187 quum
594 1121 715 1188 quidem,
730 1120 827 1188 pleris—

42 1211 90 1261 que
102 1194 240 1246 rilitatem
260 1193 435 1257 mirantibus,
455 1192 622 1244 facetissime
637 1195 747 1256 Cicero,
771 1193 828 1256 Quo

41 1267 141 1329 muas,
161 1266 266 1332 inquit,
287 1275 399 1332 emptum
412 1266 515 1328 sciolis,
540 1265 633 1317 Tertio
652 1267 761 1318 deducto
776 1277 828 1318 est.-

40 1341 249 1394 existimabatnr
264 1340 334 1390 euim
350 1339 466 1391 Servilia
480 1341 563 1392 edam
578 1340 663 1390 tiliam
674 1355 751 1392 suam
762 1341 828 1393 Ter-

39 1417 103 1467 tiam
115 1413 232 1466 Caesari
243 1413 399 1464 conciliare.

91 1489 139 1540 Ll.
160 1487 204 1538 Ne
218 1486 433 1554 provincialibus
448 1487 556 1556 quidem
571 1489 753 1541 matrimoniis
764 1492 825 1542 abs·

38 1564 167 1626 tinuisse,
186 1561 232 1612 vel
249 1558 303 1612 boo
320 1559 438 1612 disticho
455 1568 580 1630 apparet,
595 1564 698 1616 iactato
714 1579 800 1633 aeque
811 1580 829 1616 a

37 1639 173 1690 militibus
183 1649 234 1702 per
244 1633 380 1684 Gallicum
390 1634 569 1704 triumphum:

58 1709 175 1772 Urbani,
187 1706 288 1759 serodte
298 1721 406 1770 uxores,·
415 1708 547 1761 moe'cbum
557 1711 656 1762 cubum
666 1711 826 1764 addicimus.

57 1785 162 1836 Adrum
171 1782 201 1833 s'ss
213 1781 301 1832 Gallia
311 1779 459 1849 &studim
478 1783 522 1834 lis'c
532 1783 664 1850 sumpsisti
672 1785 799 1836 mutuum.

91 1857 155 1909 Lll.
176 1855 283 1907 Dilexit
293 1861 320 1906 et
329 1856 451 1922 reginas,
464 1857 537 1908 iuter
547 1873 615 1924 quas
625 1858 740 1909 Eunoen
749 1859 828 1908 Mau·

37 1948 109 1997 ram,
124 1928 253 1998 Bogudis
267 1942 394 1991 uxorem3
415 1931 459 1994 cui
472 1931 627 1998 maritoque
642 1933 700 1984 eius
711 1931 830 1998 plurima
931 1961 932 1966 =

37 2013 63 2058 et
75 2008 215 2058 immensa
227 2002 337 2067 tribuit,
357 2008 389 2053 ut
402 2001 477 2056 Naso
492 2005 614 2072 scripsit:
643 2004 692 2056 sed
711 2003 829 2074 maximo

38 2081 230 2148 Cleopatram,
253 2092 313 2128 otuu
328 2091 382 2144 qua
396 2083 423 2128 et
437 2079 563 2130 convivia
576 2079 605 2128 ln
615 2079 731 2144 primam
741 2076 829 2129 lucem

39 2169 120 2222 saepe
131 2151 284 2222 protraxit,
296 2155 324 2202 et
333 2150 428 2203 eadem
437 2167 506 2203 nave
516 2150 672 2218 thalamego
683 2165 769 2217 paene
779 2152 829 2203 ole-

38 2226 147 2296 tbiopia
167 2233 248 2277 tenus
265 2225 418 2292 Aegyptum
436 2226 601 2292 penetrauit,
622 2225 676 2274 nisi
695 2225 830 2277 exercitus

40 2304 116 2369 sequi
130 2303 301 2354 recusasset:
321 2307 402 2365 quam
417 2299 532 2367 denique
547 2299 663 2349 accitam
677 2299 706 2348 in
721 2299 829 2364 Urbem,

41 2388 92 2426 oon
102 2377 160 2427 nisi
171 2371 302 2425 maxisnis
311 2369 462 2424 honoribus
476 2372 659 2440 praemiisque
670 2379 779 2424 auctam
789 2389 830 2424 re·

40 2450 121 2514 misit,
134 2449 280 2514 liliumque
289 2452 383 2498 uatum
395 2445 533 2514 appellare
547 2445 657 2498 nomine
671 2463 721 2498 suo
732 2461 830 2514 passus

41 2529 88 2574 est.
132 2525 222 2585 Quem
248 2519 357 2586 quidem
380 2521 506 2572 nouusdli
526 2518 694 2571 Graecorum
715 2519 830 2570 similem
889 2532 894 2544 ·

43 2610 148 2666 quoque
169 2593 300 2649 Caesaris
319 2599 347 2646 et
364 2593 454 2646 forma
473 2601 501 2646 et
519 2594 628 2645 incessu
649 2591 831 2664 tradiderunt.
