1992 2962
132 87 134 99 '
206 110 438 167 -ca'amuna,
474 111 685 170 cauas—m.
808 123 871 176 ιιι
934 193 935 200 ¹

67 256 134 310 que,
149 237 299 305 oasitano,
313 240 342 292 in
353 240 472 308 quadam
482 243 671 295 conimatione
683 245 762 312 quasi
772 249 857 314 parti-

66 317 144 382 cipes
152 313 299 379 nominati,
316 320 459 383 suspectos
467 321 558 366 tamen
568 331 597 368 sc
608 322 635 366 et
643 317 747 368 invisos
758 322 855 372 sentia·
867 383 871 390 ,
893 309 902 326 ⁸
958 339 961 344 Δ

65 391 143 442 bant.
153 386 225 439 Nam
235 393 264 441 ct
271 389 364 440 statim
374 389 494 440 seductis
504 403 630 454 magnam
640 388 706 442 iecit
714 392 855 458 invidiam,

10 495 11 498 =
65 462 195 514 disttieto
204 461 299 528 gladio
310 463 460 526 affirmans,
479 470 569 528 sponte
579 463 771 528 asperitatum,
792 465 817 516 εἰ
830 474 858 520 et

63 537 117 590 illle
127 533 316 604 mortediguus
324 534 471 586 videretur.-
489 537 752 590 neccessavitexeo
764 539 854 589 crimi·
932 586 936 595 ,

63 610 129 663 uari
138 608 254 660 alterum
264 609 441 676 alteriusque
450 609 522 660 inter
532 622 561 660 se
572 623 664 662 omnes
676 611 864 670 conmittere.¹

65 685 157 746 Quum
171 682 331 750 placuisset,
351 681 486 736 Palatinis
500 681 574 733 ludis
587 683 744 748 spectaculo
764 699 853 751 egres·

63 771 126 809 sum
145 755 259 807 meridia
279 756 405 830 aggredi,
428 757 531 822 primas
554 755 608 806 sibi
630 763 723 823 partes
742 757 853 810 Cassius

66 829 204 893 Chaerea,
221 829 347 894 tribunus
358 828 479 881 cohortis
489 830 657 895 praetoriae,
678 830 852 897 depoposcit3
949 863 954 869 ,

65 917 147 971 quem
158 902 241 962 Gaius
250 903 384 954 seniorem
395 904 459 967 iam,
469 908 500 954 ut
509 903 620 954 mollem
630 909 657 956 et
668 902 853 956 effeminatum

64 978 199 1030 denotare
209 976 283 1028 omni
293 977 394 1042 probro
407 981 596 1040 consueverat,
607 983 635 1028 et
643 977 735 1042 modo,
746 979 854 1044 signum

63 1050 178 1122 petenti,
189 1047 317 1115 Priapum
327 1055 375 1100 aut
389 1047 513 1102 Venerem
521 1048 597 1114 dare,
608 1050 704 1113 modo,
716 1065 749 1104 cx
760 1051 854 1117 aliqua

65 1138 151 1177 aalma
161 1123 253 1190 agenti
262 1122 375 1189 gratias,
381 1122 558 1174 osculandam
568 1123 852 1188 manumulierre,for·

64 1205 168 1250 matam
179 1201 395 1262 commotamque
404 1197 433 1248 in
444 1197 589 1266 obscenum
599 1197 718 1248 modum.

121 1268 206 1321 nvn.
216 1269 337 1322 Futurae
347 1269 440 1320 caedis
448 1269 534 1320 multa
544 1270 671 1336 prodigia
681 1271 850 1322 assisterunt.

65 1344 211 1413 Olympiae
218 1342 396 1395 simulacrum
406 1343 492 1406 lovis,
513 1343 850 1410 quod'dissolvitransier-

63 1420 143 1486 rique
153 1417 268 1480 Romam
278 1416 430 1484 placuerat,
449 1421 554 1467 tantum
568 1415 727 1468 cachinnum
742 1426 852 1486 repente

10 1513 11 1554 ς
64 1491 165 1556 edidit,
188 1497 220 1542 ut
238 1489 370 1544 machinis
389 1490 532 1542 labefactis
553 1491 664 1556 opifices
684 1491 851 1558 diffugerint.

10 1567 12 1576 ’
66 1565 280 1634 Supervenitque
288 1565 366 1616 illico
377 1565 487 1631 quidam
494 1565 604 1616 Cassius
615 1579 722 1632 quoque
732 1566 850 1630 nonanto,

18 1642 22 1654 '
64 1641 171 1691 iussum
184 1654 213 1690 se
227 1639 335 1691 somnio
350 1640 487 1690 affirmans
501 1638 644 1690 immolare
659 1645 767 1690 taurum
781 1639 856 1690 lovi:
932 1667 935 1672 ·

65 1711 232 1779 Capitolium
246 1712 356 1790 (lapsae
370 1712 464 1764 idibus
477 1712 586 1763 Martiis
602 1713 636 1763 de
650 1713 726 1764 coelo
747 1719 851 1764 tacttuu

10 1847 11 1852 Ἰ
64 1792 119 1840 cst:
140 1785 205 1836 item
219 1785 322 1838 Romae
336 1786 406 1838 cella
419 1785 541 1836 Palatini
554 1787 690 1838 aniensis.
728 1785 786 1838 Nec
806 1786 850 1838 tle·

63 1859 175 1912 suenni
184 1859 231 1924 qui
236 1860 437 1923 coniectarent,
452 1859 539 1910 altero
555 1866 662 1910 ostento
673 1858 822 1925 periculum
833 1875 851 1910 a

65 1931 226 1992 custodibus
238 1932 350 1985 domino
368 1933 508 1998 portendi,
529 1933 615 1984 altero
632 1923 742 1982 eaedem
755 1947 850 1984 rursus

62 2007 210 2075 insignem,
231 2005 322 2074 qualis
335 2005 431 2058 eodem
445 2006 489 2057 die
502 2004 578 2058 iacta
591 2004 730 2073 quondam
741 2003 848 2058 luisset.

63 2079 224 2133 Consulenti
237 2095 346 2147 quoque
360 2080 393 2131 de
407 2080 532 2146 genitum
546 2095 596 2132 sua
611 2078 688 2131 Sulla
701 2075 848 2130 mathema·

60 2155 134 2216 tiens
157 2152 438 2205 emmmmammeeem
461 2153 669 2220 appropinquare
694 2152 848 2204 affirmavit.

61 2227 229 2280 Monuenmt
238 2226 413 2279 etFortnnac
422 2227 593 2291 Mtiatinae,
607 2235 638 2278 ut
647 2242 664 2277 a
675 2224 764 2282 Cassio
775 2241 847 2278 caoe-

61 2307 111 2353 ret.
151 2300 213 2362 aaa
223 2315 308 2352 causa
316 2300 363 2351 ille
374 2301 498 2352 Cassium
508 2300 675 2367 Longinum,
695 2299 776 2350 Asiae
789 2305 848 2350 tum

61 2373 271 2441 proconsulem,
294 2373 472 2426 occidendum
491 2373 677 2440 delegaverat,
696 2373 847 2436 immemor,

62 2446 211 2500 Chaeream
221 2447 346 2499 Cassium
355 2445 501 2498 nununari.
533 2445 635 2510 Pridie,
647 2461 728 2512 quam
738 2447 847 2513 periret,

61 2522 221 2586 somniavit,
242 2522 390 2592 consistere
401 2535 430 2571 sa
439 2520 468 2570 in
479 2519 556 2572 coelo
567 2515 646 2570 iuxta
655 2519 754 2570 solium
764 2518 847 2581 lovis,

59 2594 261 2663 impulsumque
271 2597 306 2648 ab
316 2611 350 2648 co
361 2594 450 2648 dextri
459 2593 537 2662 pedis
546 2593 661 2662 pollice,
680 2598 708 2646 et
721 2593 750 2643 in
759 2597 847 2643 terre‘
