1964 2970
158 85 164 92 '
223 90 692 151 ocrAvat'Js.cAP.1-4.
821 103 854 156 rt

66 225 123 280 dem
135 225 248 289 cneius,
264 229 291 276 et
306 223 434 291 deinceps
444 224 479 275 ab
490 238 523 276 eo
534 223 634 291 reliqui
644 239 752 289 omnes,
767 225 855 280 uncti

64 308 125 352 eunt
139 298 291 351 honoribus
307 298 434 350 arimonio:
458 304 488 350 at
503 299 587 349 Gaius
606 299 719 366 eiiuqoe
738 303 852 367 posteri,

64 374 233 426 eeuiortuna
242 388 291 426 ceu
300 372 455 436 voluntate,
469 373 499 423 in
510 373 630 439 equestri
644 374 741 425 ordine
751 377 852 428 courti-

63 455 214 514 ternaeque
225 447 387 513 addugruti
399 453 514 512 patrem.
552 445 676 498 Proavtu
686 447 803 515 Δημώ
812 465 852 502 re·

64 521 150 573 cundo
161 520 267 572 Punico
277 520 351 572 bello
367 520 505 586 stipendia
514 521 544 571 iu
555 519 652 572 Sicilia
666 521 792 574 tribunae
802 524 852 574 mi·

64 597 139 647 litum
149 594 228 658 iecit,
239 594 357 646 Aemilio
367 590 444 660 Pap'o
454 595 630 662 imperatore.
668 595 754 660 Avus,
765 598 851 648 mimi.

64 669 197 736 cipalibur
207 667 374 735 magisteriis
384 673 538 732 contentum,
554 667 711 721 abundante
720 671 851 737 patrimo·

62 742 453 809 meumquiltissimesenuit.
491 740 692 814 Sedhaeealii.
726 744 850 812 lpaedu.

62 825 155 885 gereon
164 815 235 868 nihil
246 815 363 883 aotpiitu
378 829 460 882 quam
474 817 595 890 equestri
603 815 711 870 familia
721 823 810 872 orttim
821 835 851 871 aa

61 892 168 955 scribit,
179 897 270 942 vetere
281 905 314 942 ac
323 890 474 957 locuplete,
485 896 513 942 et
521 891 551 942 in
560 907 616 958 qua
624 894 728 959 primur
738 900 850 946 uenator

9 983 10 988 ¹
60 973 213 1033 paterenus
227 964 319 1016 suerit.
356 964 541 1018 Mdntoniue
555 965 713 1020 libertinum
727 969 755 1019 ei
767 983 848 1034 proa-

60 1056 122 1092 vum
137 1040 287 1107 exprobrat
300 1039 461 1104 rectionem,
482 1055 497 1091 e
516 1039 588 1108 pago
600 1024 743 1102 'rhurm03
768 1054 848 1092 arum

61 1113 254 1182 argentarium.
292 1112 352 1164 Nee
364 1114 511 1181 quiequam
525 1114 599 1166 ultra
613 1113 647 1165 de
661 1115 783 1181 paternis
795 1114 848 1165 Au-

60 1189 132 1256 gueti
141 1187 294 1239 maioribus
303 1188 403 1256 reperi.

113 1261 160 1313 lfl.
181 1261 311 1313 Octavius
330 1269 410 1330 pater
429 1276 447 1313 a
465 1261 603 1330 principio
623 1261 721 1313 aetatis
736 1267 763 1313 et
776 1277 805 1314 re
820 1271 848 1317 et

58 1337 250 1390 aestimatione
268 1349 369 1404 magna
388 1334 453 1398 fuit3
475 1341 507 1387 ut
520 1335 646 1402 equidem
660 1335 754 1400 mirer,
776 1335 846 1391 hunc

57 1426 195 1480 quoquea
209 1410 347 1463 nonnullis
363 1409 561 1478 argentarium,
583 1415 664 1476 atque
678 1411 761 1462 otiam
775 1413 847 1467 inter

55 1487 192 1538 divieoree
209 1500 360 1554 operasque
377 1489 541 1553 campestres
555 1484 703 1552 proditum.
741 1487 846 1555 Aniplio

54 1561 128 1613 enim
137 1561 288 1612 innutritus
299 1557 531 1628 opibuo,houoree
541 1565 568 1612 et
578 1559 692 1628 adeptus
703 1567 745 1612 eet
753 1560 845 1627 facile,

53 1643 81 1688 et
90 1635 200 1702 egregle
211 1633 421 1686 administravit.
447 1625 502 1685 'Ex
515 1641 644 1702 praetura
653 1634 846 1689 Macedoniam

52 1710 183 1773 sortitur,
203 1707 348 1776 fugitivos,
368 1709 507 1761 residuam
521 1709 648 1777 Spartaci
668 1715 695 1761 et
710 1710 846 1763 Catilinae
863 1735 865 1743 2
896 1755 897 1762 ,

10 1771 12 1858 Ι
51 1799 174 1847 manum,
185 1781 338 1835 'thumum
349 1798 444 1851 agrum
453 1783 725 1848 tenentee,initinere
736 1785 845 1849 delevit,
928 1804 933 1815 ·

50 1858 168 1926 negotio
179 1857 234 1909 eibi
247 1859 276 1909 in
290 1864 387 1910 acuatu
396 1864 474 1910 extra
485 1859 607 1910 ordinem
618 1858 693 1909 dato.
732 1857 845 1910 Provin-

53 1930 556 1998 ciaepreeiuitnonminoreimtiua,
578 1947 659 1999 quam
673 1930 845 1984 fortitudine.
900 1957 904 1963 ·

52 2005 195 2075 Namque,
214 2006 308 2059 Beroia
322 2021 355 2060 ae
365 2005 518 2059 'l'hracibua
533 2021 633 2074 niagno
648 2003 844 2072 proeliorum,

50 2081 92 2133 ita
102 2081 198 2133 cocioe
207 2082 350 2152 mactavit,
369 2088 401 2134 ut
410 2081 546 2149 epistolae
555 2081 595 2132 Μ.
606 2079 694 2130 Tullii
704 2080 844 2131 ciceronio

51 2161 173 2219 natent,
194 2155 294 2224 quibua
309 2155 440 2218 Qmutum
459 2155 586 2218 fratrem,
607 2153 703 2205 eodem
721 2158 844 2220 tempore

18 2240 22 2248 ‘
49 2243 150 2297 parum
165 2229 288 2281 reconda
300 2228 375 2282 faria
388 2228 614 2298 proconsulatum
628 2226 709 2278 Asiae
728 2227 843 2279 admini-

48 2309 194 2368 rtrantem,
205 2301 332 2356 hortatur
341 2309 368 2355 et
376 2311 477 2369 mouet,
485 2304 609 2356 imitetur
617 2301 646 2353 iu
656 2302 844 2370 promerendis

47 2379 136 2432 tociie
146 2377 266 2430 ricinum
276 2393 355 2430 cuum
367 2378 519 2430 Octavium.
850 2383 856 2394 ·

103 2451 155 2505 lV.
176 2451 319 2504 Decedeue
326 2451 499 2517 Macedonia,
510 2452 669 2521 priusquam
680 2449 805 2518 profiteri
814 2465 844 2501 ee

48 2527 231 2580 madidatum
242 2525 401 2578 consulatue
415 2533 521 2596 posset,
541 2531 629 2578 morte
642 2526 714 2577 obiit
727 2524 844 2591 repenti·

47 2613 93 2666 oa,
103 2601 305 2672 cuperetitibue
319 2600 425 2665 liberie,
446 2601 562 2654 Octavia
576 2600 694 2663 maiore,
714 2612 797 2666 quam
809 2609 844 2650 ex

78 2693 230 2742 surror.
301 2761 303 2769 Ι
616 2691 639 2736 D
