1992 2962
116 137 165 188 ars
330 198 332 206 .
392 139 420 184 c.
444 137 633 184 sunnonis

114 276 201 328 usque
213 261 335 328 opperiri
345 259 537 328 perseveravit.
559 257 729 324 Quocunque
738 256 908 324 gladiatorio

114 350 237 406 numere,
257 334 301 386 vel
315 349 379 397 suo,
399 333 444 384 vel
459 333 564 395 aliene,
586 332 669 382 etiam
679 330 751 382 forte
761 331 910 398 prolapsos

113 409 236 476 iugulari
245 408 369 472 iubebat,
384 407 502 457 maxime
512 405 654 468 retiarius,
669 412 701 457 ut
710 406 909 472 exspirantium
992 461 993 476 ,

113 483 213 535 faciem
223 482 337 533 videret.
377 480 466 543 Quum
480 494 531 547 par
546 479 685 548 quoddam
695 480 798 530 mutuis
807 479 909 530 ictibus
992 487 993 550 p

115 557 292 619 concidisset,
314 554 440 606 cultellos
452 555 509 605 sibi
521 553 652 620 parvulos
663 569 696 605 ex
705 559 824 620 utroque
832 552 908 605 ferro

114 633 144 682 in
156 645 235 682 usum
251 630 311 681 lieri
325 630 383 680 sine
398 642 477 680 mora
489 629 580 678 iussit.
618 627 764 678 Bestiariis
781 627 908 678 meridia-

114 705 212 771 nisque
223 704 292 754 adeo
304 703 500 766 delectabatur,
505 707 538 752 ut
546 707 575 753 et
583 703 674 769 prima
683 701 744 754 luce
755 699 790 750 ad
801 709 907 768 specta·

117 779 207 830 culum
219 777 401 841 descenderet,
413 781 440 828 et
449 776 577 839 meridie,
588 775 702 827 dimisso
715 775 750 825 ad
761 775 908 842 prandium
992 823 993 828 ,

115 851 229 920 populo,
241 851 403 918 persederet,
414 857 577 919 praeterque
587 849 741 901 destinatos
757 850 839 900 etiam
851 850 906 900 levi

115 927 260 992 subitaque
271 924 304 976 de
315 939 407 988 eausa,
419 924 552 992 quosdam
564 887 757 987 committered,
769 923 803 976 de
813 923 906 975 labro·
922 985 924 990 Ι

114 1015 175 1052 nrm
186 1013 294 1068 quoque
304 1014 338 1066 ac
346 997 535 1050 ministrorum
550 1003 633 1065 atque
646 998 676 1048 id
687 1013 772 1065 genus
782 1012 905 1063 numero,

113 1075 138 1127 si
149 1079 331 1137 automatum,
346 1072 390 1124 vel
400 1089 510 1140 pegma,
525 1072 568 1124 vel
579 1071 645 1139 quid
654 1071 711 1123 tale
722 1071 798 1124 aliud
808 1087 905 1140 parum

114 1149 249 1199 cessisset.
282 1146 394 1198 lnduxit
402 1153 430 1199 ot
439 1162 522 1200 unum
533 1161 567 1199 ex
576 1146 828 1198 nomenclatoribus
838 1147 906 1211 suis,

113 1223 185 1274 sicut
195 1229 254 1273 erat
263 1228 383 1289 togatus.

168 1295 283 1348 XXXV.
304 1297 358 1349 Sed
371 1293 442 1348 nihil
457 1311 543 1364 aeque
559 1310 641 1363 quam
654 1293 769 1346 timidus
784 1309 817 1346 ao
836 1295 907 1346 diffi-

114 1369 252 1421 densiuit.
291 1371 391 1422 Primis
401 1371 511 1439 imperii
521 1371 856 1438 diebus,quanquam,ut
866 1369 907 1420 di·
982 1380 993 1403 e

112 1445 216 1507 ninius,
236 1445 357 1497 iactator
368 1445 524 1508 civilitatis,
543 1458 631 1512 neque
642 1444 768 1496 convivia
777 1445 848 1496 inire
859 1459 908 1494 au·

113 1533 160 1568 sus
175 1522 229 1581 est,
247 1519 305 1568 nisi
319 1525 350 1570 ut
364 1519 552 1587 speculatores
563 1533 624 1570 cum
633 1517 737 1570 lanceis
749 1519 907 1570 choumsta·

112 1597 185 1655 rent,
205 1592 360 1661 militesque
374 1593 435 1644 vioe
449 1593 637 1644 ministrorum
651 1591 840 1659 fungerentur;
860 1608 907 1646 ne·

113 1681 166 1734 que
177 1679 287 1733 aegrum
299 1681 462 1734 quemquam
471 1667 603 1731 visitavit,
609 1667 665 1717 nisi
674 1666 818 1734 explorato
829 1667 906 1735 prius

113 1739 254 1803 cubiculo,
281 1739 457 1806 culcitrisque
479 1745 508 1791 et
525 1740 657 1808 stragulis
676 1741 855 1808 praetentatis
879 1747 908 1792 et

111 1815 247 1882 excussis:
267 1814 374 1881 reliquo
387 1813 905 1883 autemtemporesalutatorihusscru-
992 1825 993 1830 ’

111 1895 216 1941 totores
228 1902 334 1956 semper
344 1889 481 1956 apposuit,
493 1889 640 1957 etquidem
652 1889 820 1953 omnihus,et
830 1903 905 1940 acer·

111 1963 250 2016 bissimos.
271 1959 338 2016 Sero
350 1964 421 2014 enim
433 1979 465 2014 ae
474 1964 522 2014 vix
531 1963 645 2027 remisit,
656 1979 690 2014 ne
699 1963 817 2014 feminae
826 1978 905 2030 praa-

110 2039 264 2109 textatique
282 2038 362 2105 pueri
381 2043 408 2088 et
426 2036 534 2104 puellae
554 2043 800 2103 contrectarentur,
826 2042 854 2090 et
871 2053 906 2089 ue

8 2149 11 2156 .
112 2113 190 2162 atrius
206 2113 302 2164 comiti
316 2118 365 2165 aut
378 2111 494 2164 librario
510 2111 678 2164 calamariae
692 2117 720 2164 et
729 2110 907 2180 graphiariae

112 2183 208 2238 thecae
219 2187 410 2238 adimerentur.
449 2184 530 2236 Motu
540 2184 628 2249 civili,
641 2201 724 2253 quum
733 2201 795 2238 eum
806 2186 907 2236 Camil-

110 2257 167 2322 lus,
188 2275 244 2311 nou
259 2261 387 2311 dubitans
402 2259 485 2310 etiam
502 2259 572 2310 citra
585 2259 687 2312 bellum
702 2258 783 2328 posse
798 2259 906 2324 terreri,

111 2333 311 2385 conameliosa
321 2339 349 2384 et
358 2333 460 2383 minaci
474 2337 501 2384 et
511 2336 669 2386 eonhrnraci
678 2335 798 2402 epistola
809 2333 907 2386 cedere

109 2405 225 2471 imperio
246 2407 364 2470 iuberet,
389 2407 528 2474 vitamque
553 2409 673 2458 otiosam
696 2409 726 2460 in
745 2409 855 2476 privata
874 2423 906 2460 ro

109 2492 204 2542 agere3
225 2477 374 2542 dubitavit,
390 2478 521 2532 adhibitis
532 2481 703 2550 principibus
712 2483 792 2547 viris,
809 2497 844 2534 an
856 2483 906 2534 ob·

107 2551 279 2618 temperaret.

163 2621 290 2680 xxxvl.
311 2624 452 2687 Quasdam
466 2627 583 2682 insidias
597 2635 700 2684 temere
714 2629 821 2682 delatas
833 2629 905 2684 adeo
