1964 2970
199 2 207 33 i

109 88 142 138 ts
194 59 197 66 ’
382 89 408 134 c.
437 87 622 136 sunroun

108 211 209 262 tritum
218 210 268 274 iis,
282 209 331 276 qui
341 221 436 260 csvcre
445 210 475 260 in
486 208 598 277 duplum
607 214 731 276 possent,
747 209 783 260 ed
793 215 899 262 certum

108 291 214 352 tempus
224 281 348 336 indulsit.
387 281 550 334 Senatorum
565 297 674 333 censum
688 283 843 349 ampliavit,
863 297 899 334 ac

9 407 11 413 .
108 373 159 426 pro
172 358 388 424 octingentorum
400 354 515 406 millium
526 369 631 406 summe
642 355 789 407 duodecies
798 361 897 408 sester-

107 432 148 482 tio
159 432 277 494 texerit,
298 429 486 496 supplevitque
501 444 557 480 non
566 427 738 480 habentibus.
778 430 901 496 (longia-1

107 505 150 556 riu
160 505 263 572 populo
273 503 427 569 frequenter
442 501 530 564 dedit,
551 501 600 552 sed
614 501 738 554 diversae
751 501 808 554 iere
823 518 896 553 sum-

107 593 181 630 mae:
200 578 284 629 modo
295 576 510 643 quadringenos,
526 575 609 627 modo
620 581 757 639 trecenos,
772 591 901 630 nondun--

108 667 190 718 quem
210 652 329 702 ducenos
353 648 612 716 quinquagenosque
632 665 767 700 nummos.
804 649 843 700 Ac
861 663 898 700 ne

108 725 228 776 minores
238 723 345 791 quidem
356 725 458 787 pueros
466 722 620 787 proeteriit,
638 724 762 789 quemvis
776 737 832 774 non
841 723 899 774 uisi

109 799 144 849 ab
154 797 297 848 smdecimo
308 794 407 846 aetatis
417 809 488 845 euno
501 795 624 861 accipere
635 801 818 846 consuessent.
828 795 899 848 Fru-

109 875 228 922 mentum
243 882 350 936 quoque
365 869 394 917 in
410 883 535 920 annonae
551 868 756 920 difficultatibus
767 884 850 936 saepe
859 869 906 921 le·-

109 943 231 1006 vissimo,
242 941 377 994 interdum
387 935 680 1010 nullo·pret'io,viritim
692 941 836 993 admensus
846 947 900 1007 est,

109 1024 282 1088 tesserasque
290 1017 458 1067 nummarius
468 1015 627 1082 duplicavit.

60 1110 64 1114 ·
165 1089 251 1142 XLli.
263 1090 316 1142 Sed
325 1095 357 1140 ut
366 1089 501 1141 salubrem
511 1089 608 1156 megin,
620 1104 701 1156 quem
712 1089 901 1155 ensbitiosum,

110 1167 260 1234 principem
270 1165 368 1228 scires,
381 1168 535 1230 querentem
547 1163 580 1214 de
589 1164 686 1230 inopie
696 1169 724 1214 et
734 1163 849 1214 caritate
859 1164 901 1214 vi·

111 1241 142 1291 ni
151 1240 282 1307 populum
293 1239 466 1290 severissima
475 1236 597 1288 cuircuit
607 1237 745 1288 oratione:
765 1235 901 1303 sotispro-

110 1313 194 1364 nisum
207 1329 224 1363 a
233 1329 330 1382 genno
340 1327 386 1363 suo
397 1311 530 1382 Agrippa,
546 1310 680 1377 perductis
685 1309 805 1378 pluribus
814 1309 902 1376 aqum,

111 1401 144 1438 ne
153 1385 269 1437 desistere
279 1385 392 1437 sitirent.
430 1385 526 1436 Eidem
537 1385 655 1453 populo,
666 1385 830 1452 promissum
841 1384 902 1450 qui-

112 1459 173 1510 dem
189 1459 359 1526 congiarium
374 1459 540 1526 reposcenti,
562 1457 720 1526 donaefldee'
731 1474 759 1509 ee
774 1473 838 1519 esse,
859 1471 903 1509 re·

112 1533 236 1599 spondit:
257 1533 487 1598 non-promisssun
496 1537 588 1581 aretem
598 1530 743 1598 flagitanti,
754 1530 903 1598 turpitudi-

111 1621 172 1656 nem
183 1611 210 1656 et
223 1603 419 1671 impudentiam
431 1604 521 1654 edicto
531 1604 722 1668 exprobravit3
743 1605 903 1656 nffirnsnvit·

112 1694 165 1746 que
175 1694 204 1729 se
214 1691 270 1728 non
281 1677 421 1739 daturum,
433 1675 558 1744 quamvis
568 1675 635 1730 dere
645 1676 805 1729 destinarat.
841 1664 903 1730 Neo

111 1753 216 1804 minore
226 1750 361 1817 gravitate
372 1754 453 1816 etque
468 1749 636 1813 constantio,
658 1764 741 1817 quum
755 1751 901 1818 proposito

112 1825 254 1892 congiario
275 1822 377 1874 multos
396 1822 579 1874 nrenuruissos
602 1823 776 1891 insertosque
800 1825 904 1876 civitem

109 1913 223 1951 nrrruero
235 1897 420 1965 comperisset,
430 1896 541 1963 negarit
551 1903 720 1964 accepturos,
727 1898 826 1966 quibus
837 1913 903 1966 pro-

110 1975 223 2025 missum
233 1987 290 2024 non
305 1977 389 2032 esset3
415 1970 565 2037 ceterisque
579 1971 682 2036 minus,
703 1985 785 2039 quem
798 1973 902 2039 promi-

111 2053 198 2111 serat,
209 2047 297 2111 dedit,
311 2050 344 2096 ut
354 2044 490 2095 destinato
500 2059 605 2096 summe
616 2045 760 2096 sufficeret.
797 2045 904 2112 Magna
921 2095 929 2102 ,

110 2130 176 2172 vero
187 2120 325 2189 quondam
336 2119 494 2182 sterilitate,
511 2129 548 2168 ec·
555 2118 662 2169 difficili
670 2119 791 2170 remedio
797 2156 805 2184 ,
818 2133 903 2187 quum

110 2193 261 2246 venalicias
286 2198 313 2244 et
334 2192 496 2242 lanistarum
524 2191 659 2256 familias,
688 2194 904 2261 peregrinosque

112 2281 219 2330 onmes,
235 2267 355 2332 exceptis
366 2265 478 2318 medicis
489 2269 516 2316 et
525 2267 763 2334 praeceptoribus,
782 2271 903 2334 pertem-

112 2355 164 2408 que
175 2341 349 2392 servitiorum
359 2339 432 2391 Urbe
446 2337 609 2404 expulisset;
627 2345 660 2389 ut
667 2339 779 2392 tandem
790 2354 904 2394 ennena

89 2431 92 2435 ·
111 2413 261 2476 convaluit,
272 2413 396 2478 impetum
406 2427 432 2464 se
443 2411 551 2478 cepisse,
563 2413 671 2476 scribit,
675 2412 905 2483 frumentationes

108 2485 227 2554 publicus
246 2485 274 2538 s'n
289 2494 443 2554 perpetuum
458 2485 588 2548 abolendi,
608 2487 783 2553 quesitorem
795 2485 906 2555 fiducia

112 2561 217 2616 culture
232 2574 358 2634 agrorum
372 2567 499 2612 cessaret:
518 2573 599 2627 neque
613 2568 700 2612 tamese
713 2573 905 2628 pmseetrosse,
