1986 2960
253 81 439 132 TIBERIUS.
475 81 555 130 GAP·
573 83 690 130 oti—tt.
814 81 863 136 153

65 204 224 260 'admodum
234 204 397 268 delectatus,
417 205 521 272 scripte
531 218 624 256 eorum
635 211 663 256 et
671 205 804 272 imagines
814 221 863 273 pu·

71 281 156 334 blicis
166 276 341 333 bibliothecis
356 279 428 330 inter
442 285 546 331 veteres
560 286 587 330 et
596 278 759 346 praecipuos
769 287 863 332 aueto-

70 369 117 408 res
134 352 282 414 dedicavit3
302 358 330 404 et
344 353 379 404 ob
394 350 447 403 hoe
460 352 584 419 plerique
598 351 766 402 eruditorum
777 359 863 404 certa·

69 429 123 480 tim
134 425 170 476 ed
180 441 241 476 eum
251 425 337 477 multe
347 425 381 478 de
391 424 434 476 his
447 425 599 491 ediderunt.
637 425 757 476 Maxime
771 431 863 480 tamen

70 499 180 553 curavit
187 499 314 550 notitiam
323 497 603 562 historieeiabularis,
610 498 736 566 usquead
744 499 863 567 ineptias

70 581 155 642 utque
170 572 298 629 derisum.
336 572 407 623 Nom
422 578 449 623 et
461 573 667 638 grammaticos,
688 572 762 638 quod
777 587 862 638 genus

69 647 212 700 hominum
223 647 377 714 praecipue,
387 653 419 698 ut
428 646 556 709 diximus,
567 645 862 714 oppetebotleiusmodi

70 721 130 774 fere
146 719 353 788 quaestiouibus
367 721 569 788 experiebaturz
589 735 656 786 quae
675 727 759 770 mater
772 717 860 771 Hecu-

72 795 134 855 bae,
155 793 225 858 quod
237 791 336 845 Actius·
348 807 440 846 nomen
452 793 523 846 inter
535 791 651 861 virginee
658 791 775 864 fuissem
799 791 863 858 quid

9 869 10 888 ¹
72 867 178 920 sums
188 875 296 918 caetere
305 865 360 918 slot
367 867 466 918 solitae.
505 867 542 917 Et
551 883 606 934 quo
616 867 732 934 primum
744 867 788 918 die
799 872 863 933 post

72 955 213 996 excessum
227 941 344 1008 Augusti
358 941 462 994 curiam
475 942 601 1004 intravit,
622 941 702 1008 quasi
715 941 813 1006 pietati
826 939 863 990 si·

72 1015 131 1068 mul
141 1029 174 1066 uc
182 1014 311 1081 religioni
321 1013 526 1080 ntidiecturns,
540 1013 644 1064 Minois
655 1013 791 1081 exemplo,
802 1019 863 1066 ture

73 1089 184 1157 quidem
194 1103 227 1140 ae
236 1089 314 1151 meo,
328 1103 421 1139 versem
431 1088 490 1140 sine
499 1088 625 1152 tibicine,
639 1086 818 1155 supplicavlt,
832 1091 865 1138 ut
919 1113 922 1120 ·

72 1161 405 1218 illeollminmortefilii.
708 1217 716 1228 ἱ

122 1233 229 1288 -LxxL
253 1234 382 1288 Sermone
408 1233 528 1297 Graeco,
556 1247 712 1308 quanquam
737 1231 862 1300 alioquin

72 1315 215 1380 promptus
235 1315 262 1360 et
280 1308 384 1372 facilis,
403 1323 460 1359 non
478 1314 569 1359 temen
583 1320 777 1376 usquequaque
795 1320 862 1358 usus

8 1398 10 1404 ·
72 1389 127 1446 est3
151 1382 336 1451 abstinuitque
349 1382 467 1432 maxime
481 1380 510 1430 in
523 1385 633 1443 senum,
654 1379 723 1432 adeo
743 1373 862 1449 quidem,

72 1461 105 1510 ut
113 1455 285 1522 monopolium
295 1454 576 1520 nominaturqurius
585 1453 694 1504 veniam
704 1453 861 1521 postularit,

73 1530 149 1599 quod
167 1531 222 1581 sibi
239 1530 324 1582 verbo
343 1529 486 1598 peregrino
506 1527 637 1578 utendum
656 1533 736 1579 esset.
773 1527 861 1594 Atque

73 1605 156 1657 etiem
167 1604 196 1653 in
207 1603 325 1670 quodem
336 1603 444 1656 decreto
455 1607 585 1669 petrum,¹
598 1616 680 1669 quum
691 1599 811 1663 ἔμβλημα
821 1615 862 1652 re·

74 1679 215 1741 citaretur,
226 1676 445 1729 commutandam
456 1675 562 1728 censerit
569 1690 677 1736 vocem,
689 1681 716 1726 et
725 1689 775 1742 pro
786 1688 862 1740 pere·

71 1751 152 1819 grino
161 1757 311 1804 nostratem
321 1750 520 1818 requirendam,
532 1755 580 1799 eut
589 1749 615 1799 si
623 1764 679 1800 non
688 1747 861 1814 reperiretur,

71 1824 116 1877 vel
125 1824 249 1893 pluribus
259 1829 287 1876 et
295 1839 344 1891 per
353 1823 485 1875 ambitum
494 1823 640 1874 verborum
649 1837 706 1873 rem
717 1821 862 1872 enuncian-

72 1899 145 1951 dam.
182 1897 300 1950 Militem
311 1913 432 1966 quoque‚
443 1912 540 1964 graece
549 1895 736 1946 testimonium
745 1894 860 1945 interro·

70 1978 173 2042 gotum,
184 1972 239 2024 nisi
249 1971 333 2023 latine
342 1971 507 2039 respondere
516 1970 610 2021 vetnit.

126 2045 239 2098 Lxxtl.
258 2044 307 2096 Bis
322 2045 432 2098 omnino
451 2049 512 2096 toto
532 2056 654 2095 secessus
670 2045 793 2106 tempore
805 2037 860 2091 Ro·
910 2033 913 2039 ’

70 2135 144 2174 mem
157 2119 248 2172 redire
262 2124 390 2183 cononis,
410 2115 613 2170 semelvtriremi
624 2129 711 2182 usque
721 2112 757 2162 ad
766 2113 860 2180 proxi·

16 2252 20 2261 ,
69 2209 131 2248 mos
140 2191 320 2246 naumachiae
330 2191 426 2244 hortos
437 2193 580 2243 subvectus
590 2194 643 2252 est,
659 2186 795 2254 dispositu
805 2193 859 2238 stn-

69 2268 148 2322 tione
156 2282 205 2334 per
214 2267 290 2334 ripas
295 2266 413 2330 Tiberis,
418 2281 488 2335 quae
499 2265 608 2317 obviam
618 2259 783 2331 prodeuntes
788 2276 860 2312 sum·

51 2347 205 2404 'moveret3
223 2342 322 2392 iterum
332 2340 421 2407 Appia
433 2354 520 2408 usqne
531 2337 566 2388 ad
576 2336 720 2404 septimum
729 2333 859 2403 lapidem,

70 2415 120 2483 sed
131 2414 284 2484 prospectis
294 2415 390 2478 modo,
400 2429 451 2464 nee
461 2413 544 2464 editis
553 2409 636 2462 Urbis
645 2410 802 2472 moenibus,
818 2424 858 2459 re·

69 2488 135 2542 diitc
155 2489 244 2558 primo
254 2489 401 2551 incertum,
415 2501 470 2556 qua
480 2485 513 2536 de
528 2499 624 2549 censa,
639 2487 737 2551 postes
751 2488 859 2534 ostento

67 2563 191 2620 temon.
229 2562 298 2627 Erat
312 2563 339 2616 ei
349 2563 380 2614 in
394 2559 600 2616 oblectamentis
615 2557 753 2630 [serpens]
765 2555 858 2618 neco,
881 2553 883 2559 '

909 2473 938 2512 ό
