1992 2962
257 156 392 204 GALBA.
428 158 506 205 CAP.
526 158 607 204 3-6.
783 159 835 212 267

25 283 75 334 ius
88 245 170 331 iuxta
180 279 263 331 limen
273 281 390 332 invenit·
384 281 488 348 ,idque
494 281 599 348 gremio
610 295 661 332 suo
671 281 848 349 Tunculnmp

14 357 83 410 -ubi
93 355 231 406 aestivare
242 361 430 422 consueverat,
442 357 546 420 avexit,
558 356 625 407 etin
635 361 713 422 parte
724 357 834 410 aedium

27 434 228 485 consecratum
242 417 389 481 menstruis
404 430 532 506 deinceps
546 421 795 497 supplicationibus
806 439 842 484 et
868 471 872 478 .

23 504 182 576 pervigilio
206 505 395 556 anniversario
419 491 514 555 coluit.
558 505 721 574 Quanquam
742 511 832 559 aetate

24 578 158 634 nondum
178 580 330 642 eonstauti,
355 585 474 630 veterem
499 579 619 630 civitatis
639 579 832 647 exoletumque

23 667 152 719 morem,
169 659 319 704 actantum
329 653 452 704 indomo
464 651 692 716 suabaerentem,
709 654 831 705 obstina-

23 727 141 782 tissime
151 727 277 791 retinuit,
287 733 319 778 ut
329 727 422 779 liberti
431 728 557 795 servique
567 727 610 778 bis
621 727 665 778 die
675 726 832 795 frequentes

25 803 172 865 adessent,
178 816 212 852 ac
222 816 302 852 unane
311 802 426 868 salvere,
437 817 550 869 vespere
559 801 651 854 valere
662 801 718 854 sibi
728 803 832 871 singuli

25 879 166 932 dicerent.

91 948 126 1002 V.
147 949 220 1002 inter
240 950 368 1004 liberales
388 951 553 1021 disciplinas
576 951 694 1003 attendit
716 957 747 1004 ct
766 952 829 1004 iuri
869 969 870 975 ¹

26 1024 121 1082 Dedit
131 1031 158 1075 et
168 1025 344 1078 matrimonio
357 1041 481 1094 operam:
501 1023 611 1091 ιιιιιιιιξ
629 1028 732 1078 emim
745 1037 833 1090 auore

25 1099 144 1167 Lepida
153 1098 316 1166 duobusque
327 1116 361 1152 ex
371 1116 405 1152 ea
415 1101 490 1166 liliis,
499 1101 649 1153 remansit'
640 1115 670 1152 ιιι
682 1101 831 1165 coelibatu,

26 1189 124 1241 neque
134 1173 282 1225 sollicitari
295 1173 354 1226 blla
369 1176 528 1228 conditione
542 1175 660 1242 amplius
673 1175 778 1242 potuit,
797 1189 833 1228 ne

27 1247 201 1318 Agrippinae
217 1249 341 1317 quidem,
361 1249 492 1302 viduatae
505 1256 594 1302 morte
608 1248 739 1313 Domitii,
761 1265 832 1318 quae

25 1323 163 1381 maritum
183 1338 292 1391 quoqne
313 1323 407 1376 adhue'
420 1325 537 1376 necdum
558 1323 692 1376 coelibem
712 1321 831 1376 Galbam

27 1401 106 1454 adeo
118 1398 245 1449 omnibus
256 1399 457 1454 sollicitaverat
466 1399 570 1464 modis,
590 1403 623 1449 ut
630 1398 704 1450 inter
714 1412 831 1450 conven-

25 1486 92 1529 tum
102 1479 290 1525 ιιιιιιιοιιιιιιιιιι
301 1480 428 1542 correpta
442 1475 535 1542 iurgio
551 1479 633 1540 atquc
647 1473 731 1524 etiam
744 1487 830 1525 manu
869 1482 875 1492 ⁴

26 1549 144 1620 pulsata
155 1548 191 1598 sit
201 1563 218 1598 a
228 1555 315 1601 matre
324 1549 457 1617 Lepidae.
488 1548 651 1601 Obseruauit
661 1554 724 1598 ante
735 1562 830 1600 omnes

7 1691 8 1694 Ἴ
25 1623 145 1678 Liviam
158 1621 321 1690 Augmtam.
342 1625 420 1677 ciuus
434 1632 462 1676 et
475 1623 556 1675 ιιιιι
569 1622 662 1696 ξιιμ
681 1621 830 1688 plurimum

25 1697 133 1760 valuit,
152 1703 179 1748 et
188 1703 315 1756 mortuae
324 1705 490 1752 testamento
500 1712 588 1767 paene
598 1697 703 1748 ditatus
713 1702 767 1748 est
787 1712 829 1748 sc·

25 1771 158 1826 stertium
167 1787 285 1839 namque
296 1773 467 1842 quingenties
476 1789 559 1842 quum
569 1771 747 1840 praecipuum
756 1771 830 1822 inter

24 1846 184 1914 legatarios
203 1845 364 1916 habuisset‚.
383 1851 449 1917 qnia
467 1854 579 1913 notata,
599 1861 655 1900 non
674 1846 829 1915 perscripta

26 1925 94 1975 erut
105 1935 225 1983 summa,
246 1920 345 1976 herede
360 1925 475 1976 Tiberio
491 1923 613 1992 legatum
627 1921 663 1974 ad
678 1921 829 1989 quingenta

26 2000 186 2058 revocante,
197 2011 231 2046 ne
242 1995 310 2048 baec
320 1998 429 2067 quidem
441 2000 556 2067 accepit.

85 2067 135 2120 Vl.
151 2069 316 2124 Honoribus
342 2079 405 2126 ante
430 2071 583 2140 legitimum
608 2077 716 2140 tempus
739 2069 827 2135 initis,
881 2119 884 2125 .

26 2149 145 2214 praetor
171 2146 365 2198 commissione
393 2145 523 2199 ludorum
544 2147 699 2198 Floralium
725 2161 828 2198 novum
886 2171 891 2179 ·

24 2216 183 2288 spectaculi
192 2232 287 2283 genus,
299 2218 458 2288 elephantos
468 2220 655 2292 funambulos,
666 2220 766 2272 edidit:
781 2233 827 2272 ex·

23 2291 94 2346 inde
104 2290 265 2364 provinciae
274 2293 439 2366 Aquitaniae
455 2309 526 2344 anno
541 2287 599 2346 iere
608 2293 741 2360 praefinit:
761 2308 831 2351 mcx

25 2352 205 2422 consulatum
220 2380 269 2433 per
282 2382 330 2419 sex
345 2382 452 2426 menses
467 2365 638 2418 ordinarium
648 2369 747 2434 gessit3
766 2384 827 2421 eve·

26 2443 139 2508 nitque,
160 2440 260 2509 ut1pse
272 2441 320 2494 Gn.
332 2441 458 2496 Domitio
469 2441 544 2507 patri
554 2440 686 2504 Neronis,
700 2441 827 2509 ipsiSai·

7 2517 9 2524 ⁴
25 2531 91 2569 vius
97 2512 169 2567 Otho
182 2523 261 2584 pater
266 2517 383 2570 Othonis
394 2514 560 2579 succederet,
567 2514 642 2566 velut
651 2517 827 2582 praesagium

26 2591 199 2655 insequentis
215 2607 307 2660 casus,
330 2608 384 2666 qno
401 2589 507 2650 medius
517 2590 590 2642 inter
598 2587 741 2653 utriusque
752 2588 826 2658 filios

26 2664 123 2732 extitit
131 2665 292 2736 imperator.
324 2667 427 2722 licaio
439 2666 557 2726 Curare
569 2660 714 2718 Gaetulico
725 2661 826 2714 substi-
