1964 2970
110 98 143 148 20
218 111 219 114 ’
387 98 413 143 ὓ.
441 95 626 144 SUETONII

110 219 208 284 demde
218 217 376 283 Ponticum,
387 217 451 270 huic
461 221 616 286 proxinumr
626 218 797 284 Africanum,
808 225 904 275 novis-

109 295 208 345 simum
219 292 442 362 Hispaniensem,
458 293 566 344 diverso
582 307 716 360 quemque
727 302 865 360 apparatu
875 307 905 349 et

107 368 298 419 instrumento.
338 367 442 418 Gallici
454 365 587 434 triumphi
601 367 645 418 die
655 365 804 438 Velabrum
819 385 902 437 prae·
973 383 974 390 ¹

107 439 258 505 tervehens,
269 457 355 513 paene
367 457 448 493 curru
458 453 588 512 excussus
600 439 678 509 [est],
691 455 743 492 axe
753 440 900 497 diffracto:

108 515 285 582 ascenditque
296 516 463 583 Capitolium
472 513 510 566 'ad
520 515 637 578 lmnina,
650 515 833 582 quadraginta
844 517 900 570 ele·
917 519 922 534 '

106 587 218 656 phantis
233 589 330 641 dextra
344 595 426 656 atque
444 590 557 640 siuistra
576 587 746 654 lychnuchos
765 593 901 656 gestanti-

106 663 168 714 bus.
206 663 322 716 Pontico
333 661 471 731 triumpho
486 665 558 714 inter
572 677 689 730 pompae
699 661 805 715 fercula
813 666 901 717 trium
960 700 966 704 -

106 737 253 790 verborum
263 737 395 805 praetulit
403 731 527 801 titulum,
538 734 635 787 VENI.
647 735 734 788 VIDI.
746 736 900 792 viennen

108 817 170 862 acta
180 811 247 862 belli
257 812 468 878 significantem,
490 811 563 862 sicut
577 812 687 875 ceteris,
708 811 757 864 scd
772 811 902 867 celeriter

107 883 338 936 coniectinotam.
410 930 412 938 χ
851 894 856 900 “

161 957 313 1009 XXXVIII.
333 957 477 1011 veteranis
491 959 647 1026 legionibus
658 959 776 1026 praedae
786 963 901 1014 nomIne

105 1033 135 1084 in
145 1032 251 1099 pedites
262 1033 386 1100 singulos
396 1049 478 1100 super
487 1034 553 1085 bina
567 1035 706 1099 sestertia,
728 1049 799 1102 quae
812 1037 897 1088 initio

106 1107 196 1158 civilis
206 1107 338 1158 tumultus
348 1116 546 1172 numeraverat,
557 1109 653 1159 vicena
664 1115 798 1175 quaterna
807 1110 899 1161 millia

105 1180 244 1232 numnnim
255 1181 339 1233 dedit.
378 1183 535 1249 Assignavit
545 1188 572 1234 et
583 1197 677 1250 agros,
698 1183 745 1235 sed
760 1199 817 1235 non
831 1199 897 1236 con-

104 1256 211 1318 tinuos,
226 1271 260 1306 ne
275 1257 337 1323 quis
351 1271 541 1324 possessorum
557 1253 747 1324 expelleretur.
786 1257 895 1326 Populo

104 1334 214 1395 praeter
223 1327 354 1381 frumenti
364 1331 563 1383 denosmodios
575 1347 607 1382 ac
616 1331 732 1383 totidem
739 1330 895 1396 oleilibrus,

104 1409 231 1454 trecenos
242 1419 351 1472 quoque
360 1421 498 1470 nummos,
515 1422 584 1473 qnos
594 1406 736 1473 pollicitus
747 1406 814 1458 olim
825 1414 894 1471 erat,

105 1477 209 1528 viritim
226 1476 333 1541 divisit3
353 1486 381 1530 et
395 1479 448 1532 hoe
463 1481 581 1547 amplius
596 1485 724 1531 centenos
739 1495 790 1547 pro
804 1495 894 1532 mora.

104 1551 229 1602 ,ianuam
244 1553 326 1604 etiam
342 1551 540 1605 habitationem
554 1554 659 1604 Romae
672 1569 759 1619 usque
774 1554 811 1606 ad
828 1555 896 1606 bina

104 1625 194 1681 millia
203 1627 350 1690 nummum,
360 1625 476 1677 inltalla
486 1642 541 1677 non
551 1626 625 1676 ultra
636 1627 787 1692 quingenos
798 1637 896 1681 sester-

49 1747 55 1756 ,
104 1699 161 1751 tios
178 1700 293 1751 remisit.
331 1700 439 1751 Adiecit
453 1700 562 1767 epulum
577 1714 610 1750 ac
623 1701 847 1766 uiscerationem,
869 1710 897 1755 et

9 1797 10 1802 ¹
104 1779 169 1841 post
183 1774 394 1841 Hispaniensem
413 1774 557 1824 victoriam
579 1772 634 1825 duo
658 1774 786 1840 prandia.
823 1775 897 1830 Nam

106 1863 189 1915 quum
199 1848 276 1915 prius
286 1862 368 1914 parce
379 1861 466 1914 neque
476 1863 526 1914 pro
543 1847 710 1901 liberalitate
725 1865 777 1904 sua
786 1851 895 1919 praebi-

103 1928 162 1973 tum
180 1921 329 2008 inulcaret,
350 1921 445 1988 quinto
467 1928 530 1989 post
550 1923 594 1972 die
615 1923 692 1974 uliud
709 1924 896 1992 largissimum

103 1995 288 2138 prmpprytpffi
308 2066 405 2119 Edidit
414 2055 571 2135 spectacula
581 2072 653 2122 varii
662 2073 782 2140 generis:
797 2087 896 2125 munus

104 2141 316 2210 gladiatorium
336 2143 417 2195 ludos
428 2144 511 2195 etiam
521 2147 686 2212 regionatim
697 2148 770 2199 Urbe
779 2153 852 2210 tota,
868 2155 897 2200 et

104 2215 214 2283 quidem
225 2231 274 2283 per
285 2217 405 2268 omnium
416 2217 572 2286 linguarum
582 2217 742 2283 histrionem
760 2221 826 2273 item
838 2221 896 2273 Gir-

105 2303 208 2354 censes,
220 2289 347 2358 athletas,
358 2291 560 2345 naumachiam.
598 2295 713 2348 Munere
726 2297 757 2346 in
770 2294 833 2347 foro
850 2295 894 2348 de-

104 2363 239 2431 pugnavit
255 2363 355 2416 Furius
373 2365 519 2434 Leptinus,
545 2369 631 2435 stirpe
648 2370 801 2436 praetoria,
822 2375 850 2420 et
862 2371 894 2422 A.

104 2438 565 2578 litttntttttnitt
578 2449 896 2586 uirtutibus:
933 2548 939 2552 ,

104 2601 170 2653 pum
181 2587 271 2642 liberi.
308 2587 397 2642 Ludis
407 2589 538 2644 Decimus
548 2590 693 2656 Laberius,
705 2607 788 2659 eques
796 2590 896 2646 Roma·
