1964 2962
224 77 506 154 enarraremus.
542 103 757 155 cuneo-rr.
841 103 891 158 313

5 283 6 298 ,
96 229 178 284 satis:
193 233 225 279 nt
235 225 269 279 de
279 225 400 295 quodam
410 235 542 294 proeerae
552 231 674 282 statinae
683 225 890 300 improbiusque

5 415 7 428 Α
95 309 319 440 ῃίιῒ(-)Ξ··-μιιιιρεί
327 369 413 436 βιβάς,
423 370 542 441 κραδάων
551 367 711 435 δολιχόσκιον
720 371 810 436 inae!

5 433 7 468 ‘
95 447 167 502 tde
178 448 276 502 Cende
287 447 387 501 liberto
393 451 469 518 ‚‚qui
481 449 556 502 dives
567 448 724 513 admodum,
736 449 771 500 ob
782 449 887 500 subter·

5 573 7 576 .
94 522 255 588 fugiendum
269 523 454 611 quandoque
446 539 490 576 rua
504 524 564 575 fisci
587 524 734 590 ingenuum
752 537 782 576 se
796 527 824 575 et
833 521 887 575 La·

5 641 6 644 ,
95 593 201 648 eleatem
210 602 316 648 mutato
326 612 436 650 nomme
447 603 574 665 coeperat
583 596 663 662 ferre,

228 695 262 707 -
270 696 305 707 -
312 696 347 708 -·
356 689 374 719 m
364 657 483 760 Acipqe,
491 668 591 760 Λάχης,

161 785 176 792 -
230 740 296 808 ἐπὴν
306 739 456 815 ἀποθάνῃς,
469 732 549 800 αυθις
559 744 665 814 ἐξαρχῆς
676 744 751 814 ἔσῃ

228 815 366 886 Κήρυλοςι

94 889 132 944 Et
145 891 263 944 maxime
276 898 368 945 tanuen
383 893 579 946 dicacitatem
569 911 599 948 m
614 894 783 948 deformibus
803 893 887 946 lucris

96 963 259 1031 affectabat,
279 973 311 1018 nt
322 967 456 1019 inuidiam
470 969 564 1036 aliqua
575 969 753 1022 eavillatione
762 968 888 1032 dilueret,

94 1039 448 1109 mansierretqueadsules.
486 1043 736 1105 Quendameearis
746 1043 889 1106 ministris,

96 1113 328 1180 dispensationem
357 1115 466 1166 auidam
495 1119 576 1186 quasi
603 1117 715 1171 fratrem
744 1123 888 1184 petentem,

44 1205 48 1208 ·
96 1199 180 1255 quum
194 1188 358 1252 distulisset,
378 1190 470 1256 ipsum
485 1189 661 1243 candidatum
675 1191 711 1242 ad
725 1206 754 1242 se
764 1191 888 1261 vocavit3

96 1267 247 1330 exactaque
257 1264 383 1330 pecunia,
394 1270 524 1330 quantem
533 1265 559 1315 is
570 1281 631 1316 eum
641 1264 825 1331 suffragatore
835 1278 887 1316 suo

5 1385 18 1413 a
59 1379 63 1389 ,
96 1337 252 1405 pepigerat,
272 1338 331 1388 sine
344 1337 580 1389 moruordinavit.
620 1339 808 1408 interpellanti
821 1351 886 1390 mox

13 1436 18 1446 ·
94 1409 235 1476 ministro,
251 1409 339 1462 Alium
351 1409 411 1474 tibi,
428 1411 480 1475 uit,
492 1427 587 1478 quaere
590 1411 725 1484 frenum:
744 1411 799 1475 die,
812 1421 888 1479 'quem

96 1493 169 1536 tuum
175 1494 270 1552 putus,
289 1501 362 1538 meus
371 1493 417 1538 est.
455 1486 608 1538 Medionem
619 1487 649 1540 ln
658 1487 756 1539 itinere
767 1487 886 1554 quodam

5 1589 6 1632 i
86 1558 251 1628 „suspicatus
262 1559 297 1611 ad
309 1559 471 1613 calceandos
481 1561 569 1612 midas
575 1559 727 1624 desiluisse,
734 1555 765 1612 ut
775 1561 887 1612 ederurti

5 1633 6 1644 ³
94 1632 361 1702 litigatorispatiuur
371 1636 886 1703 moramquepraeberet,interrogauit,

6 1739 7 1744 κ
98 1707 200 1772 Quanti
212 1711 369 1762 calceorum?
391 1717 419 1762 et
433 1716 530 1778 paetus
544 1717 585 1762 est
598 1710 670 1762 lueri
683 1715 796 1775 partem.
835 1708 887 1760 Re·

94 1781 273 1850 prehendenti
290 1784 350 1836 lilio
366 1783 447 1849 Tito,
468 1784 639 1853 quodetiam
658 1785 754 1836 urinae
767 1781 887 1849 uectigal

95 1863 264 1910 commentus
277 1865 361 1924 esset,
381 1859 525 1927 pecuniam
539 1874 573 1910 ex
587 1860 676 1926 prima
687 1855 819 1924 pensione
839 1856 886 1906 ud·

93 1932 329 1996 mantuensem,
350 1933 507 1996 sciscitans,
527 1947 589 1984 uum
603 1933 681 1983 odore
692 1928 886 1998 offenderetur?

93 2011 123 2058 et
130 2003 180 2056 illo
191 2011 316 2072 negante,
327 2005 418 2072 Atqui,
430 2007 528 2074 inquit,
540 2006 626 2057 eletio
637 2013 683 2056 est.
717 2003 885 2056 Nnnciantes

93 2079 214 2144 legatos,
235 2078 366 2130 decretum
385 2080 411 2132 ei
423 2079 528 2147 publice
547 2095 600 2130 nou
618 2076 756 2129 mediocris
771 2092 885 2129 summae

94 2158 211 2203 statuum
221 2152 368 2216 cohereant,
378 2153 461 2206 iussit
468 2152 514 2204 uel
522 2150 653 2205 continuo
664 2165 778 2217 ponere,
790 2165 886 2202 cavam

93 2237 204 2277 manum
214 2231 367 2290 ostentans
386 2233 414 2278 et
426 2232 553 2294 paratam
568 2226 648 2278 basin
663 2224 764 2278 dicens.
802 2225 885 2278 dene

5 2331 6 2338 κ
92 2299 123 2352 in
133 2305 207 2352 metu
216 2299 327 2367 quidem
337 2313 370 2352 ae
378 2300 501 2368 periculo
512 2301 609 2352 mortis
619 2304 740 2352 extremo
752 2299 886 2352 abstinuit

94 2373 175 2428 iouia.
213 2373 285 2428 Nam
295 2388 378 2441 qutun
387 2375 459 2426 inter
467 2373 597 2442 prodigia
610 2379 701 2427 cetera
710 2372 885 2427 Mausoleum

93 2455 205 2517 repente
214 2449 360 2520 patuisset,
376 2455 404 2502 et
413 2441 511 2501 stella
502 2464 531 2500 ιιι
542 2449 621 2502 eoelo
633 2449 732 2502 crinita
742 2448 884 2517 apparuis-

93 2525 288 2578 set.alte1um
307 2523 344 2576 ad
361 2524 460 2578 lulium
475 2523 616 2576 Caluinam
636 2539 651 2576 a
670 2528 750 2590 gente
769 2523 886 2590 Augusti

92 2599 230 2670 pertinere
241 2599 363 2667 dicebat;
378 2600 494 2654 alterurn
505 2598 541 2654 ad
550 2597 716 2662 Parthorum
725 2611 826 2668 regem,
836 2595 885 2665 qui
