1964 2962
113 147 163 202 308
387 149 415 196 C.
439 146 630 196 SUETONH

114 272 184 324 rimo
205 283 314 339 quoque
333 267 493 327 italicorum
513 283 547 321 ae
565 266 778 338 provincialium
798 267 907 322 allecto.

113 347 214 414 Atque,
235 345 277 396 uti
287 350 382 395 nouum
393 351 477 408 emet,
496 349 641 412 utrumque
652 343 777 394 ordinem
786 357 844 395 uon
853 349 910 396 tam

113 419 243 472 libertate
252 419 323 470 inter
332 433 374 482 ae,
395 433 477 485 quem
487 417 620 484 dignitate
632 415 756 479 differre,
772 416 807 470 de
816 418 910 486 iurgio

115 494 235 564 quodam
246 492 383 545 senatoris
396 493 551 560 equitisque
560 489 680 563 Romani
693 492 735 543 ita
743 493 913 558 pronuncia-

114 569 167 620 vit:
187 565 247 619 Noa
258 575 377 633 oportere
386 565 508 618 maledici
515 565 691 632 auotoritas,
712 565 866 619 remaledici
874 565 913 619 ci·

92 640 340 713 ,rilesarqaceua

171 715 207 767 X.
227 714 332 766 Litium
343 713 428 767 series
437 713 540 779 ubique
549 713 682 765 maiorem
698 713 727 764 in
741 713 856 766 modum
867 730 914 768 ex·

117 793 269 852 creverant,
285 788 457 840 manentibus
467 787 601 856 antiquis,
615 787 821 856 intercapedine
830 788 915 840 iuris-

117 861 259 926 dictionis,
275 861 467 915 accedentibus
476 861 556 913 novis
566 876 600 912 ex
610 861 770 914 conditione
779 862 915 914 tumultu-

117 951 170 1006 que
180 942 343 1005 temporum.
382 935 462 988 Sorte
477 935 573 1002 elegit,
593 951 643 1003 per
657 950 727 1003 quos
739 943 825 1004 rapta
837 937 915 989 bello

117 1011 338 1074 restituerentur,
353 1011 453 1078 quique
463 1008 569 1060 indicia
579 1009 801 1074 centumviralia,
813 1011 916 1079 quibus

117 1083 281 1154 peragendis
294 1085 341 1136 vix
355 1083 505 1136 suffectura
518 1081 689 1150 litigatorum
705 1089 782 1137 aetas
801 1084 915 1138 uideba-

116 1167 175 1222 tur,
197 1164 275 1210 extra
293 1157 416 1210 ordinem
437 1156 634 1222 diiudicarent,
653 1157 865 1230 redigerentque
879 1160 917 1212 ad

118 1233 469 1285 brevissimnmnumorum.
836 1273 839 1278 .
874 1262 879 1276 .

96 1325 98 1330 ’
174 1305 222 1358 XI.
242 1306 345 1358 Libido
361 1312 443 1376 atque
457 1307 568 1358 luxuria
582 1308 724 1358 coercente
739 1307 816 1360 nullo
836 1308 929 1360 iuva.

117 1380 216 1432 luerat.
255 1380 358 1432 Auctor
367 1382 476 1434 senatui
485 1380 539 1433 fuit
548 1380 724 1446 decernendi,
744 1387 788 1446 ut,
804 1397 915 1450 quaese

119 1453 210 1508 alieno
221 1469 300 1506 servo
310 1456 457 1520 iunxisset,
475 1455 577 1508 ancilla
586 1453 745 1518 haberetur3
764 1471 832 1508 neve
843 1456 915 1509 iiliu-

118 1543 180 1580 rum
196 1525 364 1580 familiarum
382 1528 584 1582 feneratoribus
604 1530 732 1597 exigendi
752 1530 853 1594 crediti
871 1532 915 1584 ius

119 1616 240 1669 uuquam
251 1608 332 1666 eruet,
348 1602 401 1656 hoe
411 1611 465 1668 est,
485 1619 519 1656 ne
528 1610 593 1672 post
602 1611 710 1672 panum
722 1605 832 1674 quidem
842 1621 916 1658 mor·

118 1683 183 1728 tem.
223 1676 327 1728 Ceteris
340 1677 369 1728 in
385 1679 466 1730 rebus
481 1679 574 1730 rtatim
589 1679 625 1730 ab
643 1679 724 1731 initio
744 1679 918 1747 principatus
969 1675 972 1688 ¹

119 1765 208 1818 usque
219 1750 368 1802 aderitum
379 1751 469 1803 civilis
479 1759 507 1804 et
517 1752 644 1805 clemens.

176 1823 237 1878 xli.
257 1824 478 1878 Mediocritatem
492 1827 636 1895 pristinam
652 1843 740 1896 neque
760 1827 917 1882 dissimula·
971 1873 972 1882 ,

119 1899 160 1952 vit
169 1913 299 1970 unquam,
311 1914 344 1952 ae
353 1898 509 1968 frequenter
519 1901 601 1952 etiam
612 1916 678 1968 prae
688 1918 718 1955 se
728 1903 802 1954 tulit.
842 1901 919 1965 Quin
971 1885 972 1964 i

121 1981 149 2026 et
159 1980 290 2026 conantes
301 1973 435 2041 quosdam
446 1975 676 2042 originemFlavii
686 1978 794 2044 generis
805 1977 841 2029 ad
852 1993 919 2030 cou-

122 2046 226 2101 ditores
237 2049 379 2113 Reatinos,
390 2050 572 2116 comitemque
582 2050 720 2117 Herculis,
732 2052 810 2104 cuius
820 2067 918 2106 monu-
957 2044 972 2114 ’Ἴ

121 2129 242 2174 mentum
261 2129 352 2175 exstat
370 2124 416 2175 via
435 2122 558 2186 Salaria,
583 2123 698 2190 referre,
723 2127 812 2179 irrisit
830 2127 918 2180 ultro.
971 2123 972 2126 ’

121 2196 252 2265 Adeoque
261 2195 333 2248 nihil
343 2203 563 2250 ornamentorum
579 2198 749 2252 extrinsecus
760 2199 860 2268 cupide
870 2216 918 2272 ap·

121 2271 232 2336 petivit,
245 2278 277 2323 nt
286 2270 418 2340 triumphi
428 2272 485 2335 die,
500 2270 633 2339 fatigatus
642 2269 774 2328 tarditate
785 2281 813 2328 et
822 2275 920 2328 taedio

122 2357 253 2409 pompae,
272 2347 492 2410 narrationem,
513 2346 606 2414 merito
616 2363 644 2398 re
648 2349 743 2415 plecti,
765 2348 811 2417 qai
824 2349 920 2402 triow
971 2367 972 2374 ¹

122 2413 215 2479 plum,
227 2417 305 2481 quoii
313 2427 363 2470 aut
371 2419 485 2478 deditum
495 2419 638 2472 maioribus
648 2421 715 2485 saie,
726 2433 921 2490 nortpertum

122 2500 239 2550 uuquam
248 2489 307 2552 elli,
319 2498 374 2542 tam
383 2491 470 2558 inepte
480 2509 558 2551 tener
567 2495 737 2561 concupitur.
776 2499 919 2550 deueni-

123 2555 388 2626 buniciamquidem
401 2570 580 2632 potestatem,
601 2567 731 2620 etl’atris
747 2573 856 2638 patriae
871 2588 918 2640 ap·

123 2628 301 2691 pollutionem
310 2635 366 2686 uisi
379 2651 441 2688 sero
455 2641 568 2705 recepit.
592 2635 677 2717 [Nam
693 2645 920 2700 cousuetudinem
