1964 2970
192 123 451 172 ocrsvrauus.
490 123 701 174 σωκῶ-49.
732 117 735 124 “
812 127 845 192 ro

53 244 207 298 Latinitate
216 245 261 296 vel
271 245 381 297 civitate
392 245 514 298 donarit.
553 244 610 298 Neo
626 253 680 310 est,
694 253 726 300 ut
736 251 843 318 opinor,

52 320 204 388 provincia,
216 324 330 386 excepta
340 319 570 371 duntaxatrlirica
580 325 607 370 et
613 319 751 386 Sardinia,
762 340 844 391 quam

52 407 109 445 uon
120 393 228 444 adierit.
244 409 250 418 ·
266 391 298 442 ln
312 391 375 456 has,
395 392 490 458 fugato
506 392 589 444 Sexto
600 391 746 460 Pompeio,
765 400 842 448 trail-

53 481 115 520 cere
128 480 163 518 ex
174 465 271 517 Sicilia
285 472 462 532 apparantem
477 467 623 518 continuae
637 472 664 517 et
677 468 842 522 immodicae

52 531 228 606 tempestates
237 537 427 602 inhibuerunt3
442 555 492 592 nec
502 554 567 592 mox
578 541 688 593 occasio
700 549 749 594 aut
759 558 842 596 eausa

51 612 210 666 traiiciendi
218 612 280 664 fuit.

106 685 231 737 XLVlll.
251 685 358 753 Regna,
383 687 482 753 quibus
500 687 568 738 belli
586 689 646 740 iure
665 689 770 755 potitus
791 698 840 754 est,

50 765 272 828 praeterpauca,
288 760 456 824 autiisdem,
472 762 571 827 quibus
583 762 735 827 ademerat,
751 764 840 815 reddi-

52 831 106 897 dit,
122 839 170 884 ant
184 833 345 900 alienigenis
360 834 519 886 conminuit.
557 835 644 902 Rogas
654 837 747 888 socios
758 838 841 889 etiam

51 908 123 960 iuter
150 907 311 974 semetipsos
340 907 587 958 necessitudinibus
615 910 706 961 iunxit
728 912 840 974 nrutrris,

52 981 271 1048 promptissimus
291 980 433 1032 affinitatis
444 981 583 1048 ,cuiusque
602 988 682 1049 atque
701 977 840 1035 amicitiae

54 1055 216 1108 conciliator
235 1060 263 1106 et
281 1052 388 1116 fautor3
416 1070 467 1106 nee
487 1054 568 1105 aliter
581 1056 736 1120 rmiversos,
758 1072 840 1122 quam

54 1127 173 1180 membra
182 1133 327 1194 partesque
340 1128 463 1194 imperii,
483 1142 564 1178 curae
578 1125 686 1190 habuit,
707 1134 840 1180 rectorem

54 1216 161 1268 quoque
170 1201 270 1253 solitus
280 1215 417 1267 apponere
433 1206 522 1251 aetate
533 1201 625 1266 parvis
641 1209 689 1251 aut
702 1206 790 1252 mente
800 1201 840 1252 la-

47 1275 120 1342 psis,
131 1274 220 1326 donec
230 1273 418 1326 adolescerent
429 1279 477 1324 aut
485 1275 690 1339 resipiscerente
709 1289 741 1324 ac
755 1273 838 1340 pluri·

50 1361 156 1401 morum
166 1348 268 1402 liberos
279 1354 306 1398 et
315 1347 442 1398 educavit
451 1346 533 1396 annul
544 1361 604 1396 cum
612 1347 669 1396 suis
676 1353 702 1398 et
709 1348 837 1400 instituit.

103 1421 204 1474 XLIX.
223 1420 270 1472 lix
279 1421 445 1472 militaribus
461 1420 548 1486 copiis
563 1419 685 1486 legiones
696 1427 723 1472 et
733 1423 839 1474 auxilia

50 1495 244 1562 provinciatim
255 1493 408 1546 distribuit:
429 1493 543 1544 classem
553 1493 666 1559 Miseni,
682 1499 709 1546 et
724 1495 838 1548 alteram

49 1567 209 1632 Balatrone,
229 1568 264 1619 ad
274 1567 388 1618 tutelam
398 1568 491 1634 superi
501 1572 528 1618 et
537 1566 620 1620 inseri
634 1569 730 1634 maris,
752 1570 837 1622 collo-

49 1643 130 1694 cavit.
170 1642 279 1693 Certum
288 1655 429 1692 nnmerum
438 1642 539 1708 partim
549 1642 578 1692 ln
589 1642 682 1706 Urbis,
697 1644 838 1709 partimin

47 1717 91 1768 sui
115 1716 269 1768 custodiam
293 1713 401 1782 allegit3
434 1714 548 1766 dimissa
567 1715 838 1783 Calagurritanorum

47 1805 139 1853 mauu,
151 1804 232 1856 quam
242 1803 328 1856 usque
339 1788 375 1839 ad
385 1787 521 1840 devictum
526 1790 682 1854 Antonium,
693 1791 759 1842 item
771 1789 836 1840 Ger-

46 1878 203 1926 manorum,
225 1877 402 1930 quamusque
418 1862 453 1912 ad
468 1862 573 1914 cladem
583 1861 746 1926 Varianam,
766 1863 838 1914 inter

49 1938 200 2004 amnigeros
211 1937 286 1987 circa
294 1951 324 1987 se
335 1933 476 1987 habuerat.
514 1936 607 2004 Neque
617 1941 708 1986 tanuen
718 1949 838 2002 uuquam

47 2009 140 2077 plures
154 2024 236 2076 quam
249 2015 305 2060 tres
321 2007 453 2061 cobortes.
462 2011 491 2060 in
506 2010 577 2062 Urbe
592 2024 650 2060 esse
669 2023 766 2076 passus
787 2014 837 2070 cst,

47 2097 148 2151 easque
162 2084 222 2134 sine
237 2083 347 2134 castris:
371 2083 492 2150 reliquas
510 2083 539 2134 in
553 2081 667 2134 hiberna
687 2087 714 2132 et
733 2081 837 2131 aestiva

47 2156 121 2209 cirea
130 2157 249 2207 finitima
260 2156 362 2223 oppida
376 2156 513 2208 dimittere
527 2160 660 2206 assuerat.
699 2154 837 2222 Quicquid

46 2237 137 2283 autem
147 2230 249 2297 ubique
259 2228 377 2280 militum
387 2235 467 2294 essct,
479 2230 514 2280 ad
525 2235 627 2281 certam
636 2227 836 2294 stipendiorum

42 2305 283 2372 praemiorumque
302 2302 449 2355 formulam
473 2303 613 2364 asuinxit3
643 2301 761 2352 definitis
784 2317 834 2368 pro

42 2378 132 2444 modu
148 2377 279 2443 suimus
292 2381 320 2428 st
334 2377 502 2444 temporibus
516 2375 632 2426 militiae
646 2380 674 2425 et
684 2375 835 2427 commodis

41 2451 220 2514 missionum,
241 2465 275 2504 ne
285 2455 333 2502 aut
343 2455 432 2501 aetate
442 2455 493 2500 aut
500 2449 596 2516 inopia
604 2453 669 2514 post
677 2449 834 2501 missionem

42 2523 194 2578 sollicitari
204 2523 239 2574 ad
249 2535 292 2575 res
303 2537 389 2575 novas
398 2527 522 2589 possent,
557 2522 646 2589 thue
660 2527 835 2590 perpetuosa

42 2599 100 2652 sina
115 2597 280 2651 difficultate
294 2601 417 2664 sumptus
432 2595 468 2648 ad
480 2595 597 2648 tuendos
612 2611 660 2648 eos
670 2607 833 2664 prosequenr
