1986 2960
288 127 488 175 cnareunn.
526 127 757 178 caum-re„
852 109 904 194 lap
960 171 963 180 .

106 266 160 320 pro
173 250 305 300 concione
315 249 430 300 laudato
435 286 443 312 ,
455 248 636 315 funeratoque
647 247 827 312 amplissime,
838 263 902 302 eon·

105 325 201 376 festim
211 321 405 374 Pandateriam
421 329 448 374 et
458 321 573 373 Pontias
585 322 620 372 ad
628 319 834 372 transferendas
845 337 901 373 ma-

104 398 158 456 tris
168 385 318 464 fratrisque
330 397 433 447 cineres
444 395 596 458 festinavit,
608 399 769 461 tempestate
779 395 899 459 turbida,

105 485 162 540 quo
173 471 261 538 magis
275 471 364 537 pietas
380 470 522 520 emineret:
544 469 666 536 adiitque
681 467 897 534 venerabundus,

105 559 140 595 ac
152 559 202 610 per
215 549 301 595 semet
314 543 343 594 iu
357 557 441 594 urnas
455 541 587 595 condidit.
626 541 683 594 Nec
697 542 802 592 minore
816 557 899 594 scens

105 617 225 680 Ostiam,
246 617 368 684 praefixo
383 618 412 667 in
427 617 538 668 biremis
552 631 643 684 puppe
655 615 771 676 vexillo,
793 620 821 666 et
833 616 897 668 inde

101 690 220 742 Romam
226 691 322 742 Tiberi
332 681 484 754 subvectos,
491 705 540 757 per
550 689 895 756 splendidissimumqnem·

103 779 157 831 quc
167 764 301 831 equestris
313 764 426 827 ordinis,
437 764 528 814 medio
539 777 572 816 ac
582 763 718 828 frequenti
729 761 895 825 die,duobns

100 837 214 888 ferculis
224 837 369 890 Mausoleo
380 837 482 888 intulit.
520 835 690 903 inferiasque
699 834 742 886 his
754 849 845 886 annua
853 851 895 887 re·

101 911 206 978 ligione
216 911 325 980 publice
335 911 467 961 institnit:
488 916 515 961 et
525 925 557 962 eo
569 909 686 976 amplius
696 909 893 961 matricircen-

100 1000 157 1048 ses,
170 977 395 1054 carpentumque,
408 999 462 1052 quo
472 985 501 1034 in
512 999 613 1051 pompa
622 983 820 1035 traduceretur.
857 983 894 1034 At

1 1055 5 1066 “
98 1058 129 1108 in
143 1059 303 1108 memoriam
318 1059 406 1126 petris
419 1057 604 1124 Septembrem
618 1072 738 1110 mensem
754 1055 892 1108 Gemmat-

99 1147 159 1184 eum
170 1131 330 1201 appellavit,
360 1131 430 1182 Post
438 1129 510 1182 hacc·
516 1132 650 1182 Antoniae
661 1132 749 1195 ariae,
761 1129 892 1198 quicquid

97 1219 220 1273 unquam
230 1204 312 1256 Livia
322 1206 445 1272 Arrgusta
454 1203 589 1256 honorum
604 1206 732 1271 cepisset,
748 1219 802 1256 uno
813 1217 890 1254 seua·

98 1283 142 1330 tus
154 1278 280 1330 conmrlto
292 1279 437 1346 congessit.
466 1277 596 1328 Patrunm
608 1277 762 1341 Claudium,
773 1277 892 1345 equitem

96 1351 251 1404 Romanum
266 1353 300 1404 ad
315 1353 344 1404 id
358 1359 476 1421 tempus,
498 1352 632 1418 collegam
643 1351 697 1402 sibi
706 1352 736 1402 in
747 1351 893 1403 consulatu

97 1426 254 1492 assumpsit.
292 1427 415 1477 Fratrem
432 1426 574 1476 'liberium
589 1425 633 1475 die
647 1423 736 1475 virilis
750 1431 833 1492 togae
842 1425 891 1476 ad-

97 1491 217 1566 optavit,
240 1494 440 1568 appellavitque
448 1499 594 1566 princepem
604 1497 754 1550 inventutis.
793 1499 890 1554 Dese.

95 1573 206 1623 roribus
218 1580 315 1624 auctor·
324 1574 423 1636 fuit,nt
434 1573 560 1624 omnibns
570 1574 748 1624 sacramentis
759 1572 890 1625 adlicere·

95 1651 154 1696 tur:
175 1643 266 1712 Neque
275 1663 316 1698 mc
329 1647 472 1713 liberosque
486 1661 555 1697 meos
566 1647 681 1700 cariores
692 1646 798 1709 bubalo,
811 1660 890 1713 quem
970 1653 974 1661 ’

97 1718 192 1770 Caium
202 1719 284 1771 liabeo
295 1727 319 1772 et
329 1736 430 1771 sorores
440 1719 510 1771 eius:
524 1722 590 1772 item
600 1721 781 1773 relationibus
792 1734 889 1774 consu·

94 1791 165 1843 lnrn:
184 1792 266 1856 Quod
275 1793 493 1863 bonamfelixque
502 1794 539 1846 sit
549 1794 577 1846 U.
586 1794 697 1846 Caesari
705 1794 888 1860 serveturque

95 1865 159 1918 cios.
199 1865 265 1920 Pari
279 1867 466 1935 popularitate
480 1869 626 1921 damnatos
643 1869 834 1936 relegatosque
846 1883 888 1921 re-

93 1941 199 1992 stitnit:
219 1941 428 2010 criminrunque,
450 1942 475 1992 si
486 1955 540 2009 qua
554 1942 709 1994 residna'ex
719 1943 812 2008 priore
821 1947 888 1993 tern-

93 2029 162 2084 pore
173 2015 331 2080 manebant,
344 2015 465 2066 omnium
475 2017 594 2082 gratiam
603 2015 677 2068 fecit.
717 2016 888 2076 Commenta,

92 2090 152 2140 rios
169 2088 203 2138 ad
218 2089 314 2140 matris
328 2089 498 2158 fratrumque
513 2105 624 2142 snorum
641 2103 738 2140 causas
753 2089 889 2154 pertinen·

69 2179 72 2184 ¹
91 2169 148 2225 tes,
164 2177 198 2213 ne
214 2163 443 2230 cuipostmodum
454 2163 574 2215 delatori
584 2169 632 2214 aut
641 2163 705 2214 testi
715 2168 837 2213 maneret
845 2162 887 2212 nl-

92 2235 137 2287 ius
147 2241 244 2300 metus,
257 2242 403 2288 convectos
413 2237 442 2286 in
452 2237 542 2288 forum
548 2275 555 2302 ,
573 2243 600 2288 et
610 2243 673 2288 ante
683 2237 756 2288 clare
767 2236 887 2287 obtesta-
982 2241 986 2246 '

91 2316 138 2360 tus
155 2309 234 2374 deos,
254 2325 342 2380 neque
358 2309 458 2376 legisse
476 2327 565 2382 neque
586 2311 711 2378 attigisse
731 2310 886 2379 quicquam,

91 2385 286 2434 concremavit.
324 2381 462 2434 Libellum
479 2385 513 2436 de
528 2385 617 2438 salute
631 2399 682 2436 sua
697 2384 819 2436 oblatum
829 2398 886 2435 non

90 2457 203 2524 recepit,
215 2457 395 2520 contendens,
406 2457 475 2508 mou
483 2458 534 2509 sibi
542 2459 694 2521 admissam,
706 2473 753 2510 aar
763 2457 886 2523 cuiquam

90 2529 189 2584 inrisus
201 2539 280 2583 esset:
289 2531 462 2600 negavitque,
469 2547 498 2583 se
509 2533 678 2584 delatoribus
690 2547 769 2584 aures
775 2529 885 2582 habere.

142 2603 219 2672 [xvi.
241 2605 378 2674 spintrias
387 2611 606 2660 monstrosarum
620 2605 778 2670 libidinum,
795 2618 885 2672 aegre.
