1992 2962
1 109 3 200 l
274 161 389 209 nenos
419 160 497 208 cnr.
517 163 632 209 15—20.
798 157 859 212 235·
912 225 919 239 ,

1 289 2 300 ¹
52 293 115 356 pto,
136 299 240 336 vacuae
260 285 410 351 signatrnis
431 283 656 346 ostenderentur3
680 297 713 335 ac
731 296 766 334 ne
786 284 848 353 quis
902 295 908 304 ·

1 411 2 414 ,
53 361 139 414 alieni
153 359 310 410 testamenti
328 359 446 426 scriptor
465 358 585 424 legatum
606 357 660 408 sibi
680 357 846 420 ascriberet,

1 417 3 547 ,
51 437 119 487 item
128 439 160 484 ut
170 433 327 500 litigatores·
335 433 385 499 pro
397 432 559 498 patrociniis
575 437 676 483 certam
689 431 844 498 iustamque
857 427 895 510 ᾖ

1 513 19 579 ,⁴
51 505 218 572 mercedem,
242 522 293 574 pro
318 506 456 557 subselliis
479 505 583 556 nullam
603 505 713 557 oninino
735 503 843 568 darem,

1 581 2 625 l
18 611 22 617 ·
51 581 202 653 praebente
222 580 331 632 aerario
351 581 492 646 gratuita3
511 583 595 645 utque
614 593 704 630 rerum
725 583 790 629 actu
808 577 844 628 ab

53 656 164 708 aerario
174 647 279 706 causae
294 654 329 705 ad
343 653 434 705 iomm
450 667 482 705 ac
495 658 702 720 recuperatores
715 650 845 710 nausiet·

52 734 166 790 rentem
186 733 254 779 etrut
265 742 357 779 omnes
373 726 572 796 appellationes
583 725 747 778 aiudicibus
758 725 794 776 ad
804 739 845 777 se·

52 802 263 858 uatsrmiierent.

111 874 211 927 XVlll.
231 873 355 942 Augendi
368 875 594 944 propagandique
608 874 717 942 imperii
735 887 786 926 nec
798 886 845 925 vo·
863 889 881 906 r
898 927 903 937 ,

54 954 161 1005 limtate
175 949 234 1001 ulla
246 965 334 1016 neque
348 965 396 1016 spe
407 955 497 1000 motus
507 963 639 1015 unquam,
651 949 733 1000 edam
744 963 776 1000 ex
786 947 847 998 Bri-
907 943 927 1017 ἰ

54 1025 153 1079 tannia
164 1023 297 1076 deducere
308 1023 456 1074 exercitum
472 1023 622 1090 cogitavit3
641 1037 692 1074 nec
705 1022 760 1074 nisi
773 1036 848 1074 vere·
917 1047 927 1096 5

56 1098 172 1162 crmdia,
195 1113 229 1149 na
250 1097 403 1148 obtrectare
426 1097 548 1164 parentis
571 1097 678 1164 gloriae
696 1096 847 1158 sidereum,
889 1154 892 1160 ,

56 1171 173 1225 destitit.
211 1170 294 1222 Ponti
308 1171 391 1223 modo
406 1167 532 1237 r'egnum,
548 1170 712 1222 concedente
722 1168 849 1222 Polemo·
860 1175 879 1200 ·'

55 1263 106 1310 ne,
116 1245 183 1296 item
192 1243 313 1312 Alpium,
325 1243 452 1296 dehmcto
464 1245 572 1310 Cottio,
585 1245 615 1296 in
625 1244 783 1310 provinciae
792 1242 849 1294 for·

58 1335 132 1374 mam
143 1318 256 1385 redegit.

116 1391 191 1444 xlx.
210 1392 448 1460 Peregrinationes
460 1391 528 1444 duas
539 1393 649 1444 onmiuo
670 1391 803 1460 suscepit,
816 1391 851 1442 A·

59 1465 250 1521 lexandrinam
274 1472 301 1518 et
319 1465 484 1518 Achaicam:
514 1467 562 1518 sod
581 1466 767 1518 Alexandrina
788 1466 850 1534 ipso

8 1603 9 1606 Ἴ
59 1539 241 1612 profectionis
256 1540 300 1592 die
314 1541 431 1605 destitit,
442 1541 568 1593 turbatus
579 1541 661 1592 simul
674 1541 809 1608 religione
819 1553 852 1591 ac

60 1614 196 1686 periculo.
210 1662 213 1666 .
234 1613 305 1666 Nam
321 1631 403 1683 qurum
418 1615 541 1668 circsdtis
555 1615 664 1683 templis
677 1616 708 1666 in
722 1612 852 1666 aedeVe·

60 1696 122 1742 stae
131 1689 285 1752 resedisset,
292 1691 466 1757 consurgenti
476 1691 502 1742 ei
512 1681 628 1758 primum
639 1690 741 1741 lecinle
752 1685 852 1740 obhae-

60 1765 117 1816 sit:
137 1762 235 1814 deinde
244 1768 323 1814 tanta
334 1770 431 1816 coorta
442 1764 532 1832 caligo
544 1771 597 1828 est,
611 1769 643 1814 ut
653 1764 787 1832 dispicere
796 1776 853 1813 non

60 1842 183 1908 poscet.⁴
208 1836 240 1888 ln
257 1836 362 1889 Achaia
380 1835 511 1890 Isthmum
530 1837 675 1906 perfodere
695 1851 852 1904 eggressus,

0 1935 2 1982 ι
60 1910 255 1982 praetorianos
268 1925 321 1978 pro
335 1912 467 1964 concione
480 1912 517 1962 ad
525 1909 715 1964 inchoandmn
726 1925 796 1978 opus
808 1924 853 1961 co·

61 1986 190 2038 hortatos
210 1990 270 2047 est;
289 1986 410 2052 tubaque
430 1987 510 2053 signo
527 1977 606 2052 dato,
621 1987 725 2055 primus
738 1982 852 2036 rastello

62 2059 174 2112 humum
195 2057 305 2124 effodit,
324 2066 352 2111 et
372 2060 486 2113 carbula
501 2066 659 2128 congestam
673 2058 793 2114 humeris
808 2065 854 2110 ex·

0 2193 1 2198 ¹
61 2133 136 2185 tulit.
174 2131 297 2185 Patebat
309 2139 338 2184 et
355 2133 390 2184 ed
405 2134 519 2199 Caspias
533 2141 629 2200 portas
643 2133 853 2202 expeditionem,

63 2205 221 2272 conscripta
234 2221 268 2257 ex
281 2205 386 2258 Italicis
405 2207 498 2259 senirm
518 2207 618 2274 pedum
630 2208 768 2260 tironibus
781 2220 855 2259 nova

63 2280 187 2347 legione,
201 2293 283 2345 quam
293 2279 390 2346 Magni
399 2280 546 2332 Alexandri
561 2281 723 2349 phalangem
734 2281 855 2352 appella·

63 2356 121 2407 bat.
146 2351 225 2402 Haec
234 2353 335 2418 partim
345 2347 421 2404 ncilla
430 2352 649 2420 reprehensione,
660 2356 761 2422 partim
771 2355 856 2408 etiam

62 2442 120 2481 non
129 2425 264 2479 mediocri
278 2423 359 2477 laude
370 2426 453 2494 digna
466 2427 496 2478 in
505 2442 589 2479 unum
600 2427 716 2492 contuli,
727 2435 759 2480 ut
768 2442 855 2480 secer·

4 2520 8 2581 ι
63 2517 156 2554 nerem
167 2500 303 2569 aprobris
314 2515 347 2553 ac
358 2501 506 2553 sceleribus
517 2499 588 2566 eius,
603 2502 637 2554 de
647 2501 747 2569 quibus
757 2499 857 2554 dehinc

1 2605 2 2612 ι
64 2577 164 2630 dicam.

120 2651 182 2704 XX.
206 2650 281 2706 luter
296 2654 400 2706 ceteras
416 2648 575 2720 disciplinas
589 2649 724 2720 pueritiae
733 2655 857 2720 tempore
