1964 2962
152 122 202 173 288
427 119 454 170 0.
479 119 669 169 sunnonis

207 242 242 294 ll.
263 241 381 309 Contra,
400 243 493 312 plnres
509 249 649 294 auctorem
663 240 771 307 generis
789 239 960 294 libertinum

152 317 352 388 prodideruut3
373 319 486 370 cassius
500 317 629 379 Severus,
644 329 695 365 nac
708 315 799 366 minus
811 315 880 381 alii,
892 333 959 368 eun-

152 393 214 444 (lem
229 399 257 445 at
270 399 391 444 sutorem
405 390 680 451 veteramcutarium3
702 389 779 440 cuius
798 390 895 456 iilius,
918 408 959 443 se·

151 467 291 520 ctionibus
305 473 333 518 et
348 467 500 534 cognituris
510 465 622 516 uberius
633 461 827 531 compendium
841 473 956 530 nactura,

152 557 186 593 ex
197 541 309 594 muliere
318 541 435 609 vulgari,
441 539 570 592 Antiochi
580 537 732 602 cuiusdam,
737 537 900 592 imnariam
912 556 957 592 ex-

152 617 282 679 ercentis,
302 615 374 680 iilia,
395 615 514 684 equitem
533 613 687 666 Romanum
710 613 845 679 genuerit.
902 614 957 666 Sed

152 689 227 758 quod
238 689 387 758 discrepat,
399 689 475 741 sitin
485 687 586 740 medio.
625 687 751 738 Getarum
761 685 793 737 P.
804 685 957 752 Vitellius,

152 763 235 816 domo
246 763 379 828 Nuceria,
391 765 449 816 siva
458 763 507 815 illc
517 762 612 830 stirpis
624 761 762 830 antiquae,
774 761 832 812 sive
843 763 958 829 puden-

153 837 365 904 disparentibus
376 844 457 906 atqua
469 838 536 902 avis,
548 851 630 904 eques
642 834 861 887 canellomauus
874 843 904 890 et
914 855 959 890 ra·
971 865 972 870 =

152 927 213 964 rum
222 912 340 980 Augusti
349 917 526 984 procurator,
543 916 663 979 quatuor
678 909 751 961 iiiios
762 909 961 978 amplissimae

153 985 305 1054 dignitatis,
312 988 488 1054 cognomines
499 1001 531 1036 ac
540 991 647 1036 tantum
658 985 888 1051 praenominibus
900 987 960 1038 dis·
971 989 972 1002 ³

152 1062 264 1126 tinctos,
285 1061 411 1130 reliquit,
430 1061 542 1124 Arrium,
564 1059 708 1122 Quintum,
729 1057 874 1124 Publium,
897 1059 958 1114 Lu.

154 1136 234 1186 cium.
264 1135 350 1194 Aulus
360 1137 389 1187 in
400 1135 545 1187 consulatu
556 1133 635 1196 obiit,
647 1148 728 1201 quem
739 1148 800 1184 oum
810 1131 955 1200 Domitio,
971 1173 972 1176 ,

153 1209 272 1262 Neronis
284 1210 411 1262 Caesaris
420 1215 512 1277 patra,
522 1211 640 1259 inierat:
660 1207 820 1274 praelautus
831 1205 952 1277 alioqui,

153 1283 331 1354 hmosusque
351 1297 498 1336 coenarum
517 1281 729 1348 magnificentia.
769 1281 891 1342 Quintus
906 1299 950 1334 ca-

152 1358 209 1410 ruit
220 1359 324 1422 ordine,
336 1371 420 1426 quum
430 1356 660 1410 auctoraTiberio
672 1357 778 1407 secerni
787 1357 879 1408 minus
888 1356 949 1409 ido-

153 1445 222 1484 neos
241 1438 383 1486 senatores
402 1432 591 1498 removerique
610 1429 768 1498 placuisset.
816 1429 947 1495 Publius,

154 1506 313 1558 Gernranici
332 1523 432 1572 comes,
454 1507 502 1558 Cn.
512 1505 642 1558 Pisonem
660 1503 801 1556 inimicum
821 1510 849 1557 at
864 1505 948 1558 inter·

152 1580 284 1633 lectorem
304 1581 363 1633 eius
383 1581 524 1633 accusarit
543 1579 805 1648 condemuavitqu03
831 1594 865 1631 ac
884 1588 951 1648 post

152 1661 298 1724 praeustae
308 1652 440 1708 honorem
455 1659 527 1707 inter
538 1653 632 1706 Seiani
640 1655 767 1706 conscios
784 1659 910 1722 arreptus
922 1663 951 1708 et

152 1731 182 1782 ln
193 1731 347 1781 custodiam
357 1729 437 1782 iratri
448 1730 540 1793 datus,
551 1729 660 1796 scalpro
672 1727 787 1780 librario
798 1741 882 1780 vanas
892 1730 952 1782 sibi
971 1795 972 1798 Ἴ

152 1805 268 1866 incidit3
288 1819 339 1856 nec
352 1810 409 1856 tam
422 1806 520 1856 nrortis
534 1801 718 1870 poenitentia,
734 1815 818 1871 quam
831 1817 951 1857 auorum
971 1851 972 1860 ,

154 1879 350 1942 obtestatione,
364 1879 482 1946 obligari
494 1878 637 1946 curarique
648 1891 678 1929 se
687 1889 798 1944 passus,
808 1877 838 1928 iu
849 1878 950 1930 eadem

153 1955 281 2006 cristodia
291 1954 388 2005 morbo
400 1954 490 2021 periit.
529 1949 633 2004 Lucius
644 1965 678 2003 ex
689 1951 834 2004 consulatu
844 1950 948 2018 Syriae

150 2029 338 2098 praepositus,
349 2027 529 2091 Artabanum,
539 2025 706 2082 Parthorum
715 2039 819 2093 regam,
830 2029 946 2079 summis
971 2053 972 2060 κ

152 2105 258 2155 artibrrs
268 2118 324 2155 non
334 2103 417 2154 modo
430 2103 464 2154 ati
476 2101 646 2168 colloquium
656 2115 743 2165 suum,
755 2099 803 2152 sed
814 2101 895 2152 ctiam
906 2103 946 2153 ad

150 2178 306 2230 veneranda
316 2179 455 2246 legionum
465 2178 544 2245 sigua
554 2176 674 2244 pellexit.
710 2173 850 2226 Moxcum
859 2173 944 2228 Clau-

107 2269 111 2272 ·
151 2251 199 2304 dio
211 2254 360 2320 principe,
385 2252 456 2304 riuos
474 2253 586 2319 insuper
606 2247 943 2302 ordinarios-consulatus

151 2339 347 2394 censuramque
367 2327 460 2396 gessit.
501 2326 599 2376 Curam
614 2339 728 2392 quoque
738 2325 848 2391 imperii
858 2325 944 2376 susti-

148 2399 223 2460 nult,
239 2399 350 2450 absente
365 2415 398 2452 eo
403 2415 420 2465 ‚0
426 2401 600 2466 expeditione
614 2399 793 2450 Britannicas
813 2397 942 2452 vuinno-

44 2487 46 2493 ’
151 2472 433 2537 ocnsetindustrius‚
448 2475 496 2525 sed
512 2488 604 2524 amore
614 2471 759 2524 libertinae
768 2470 940 2540 perinfamis,
971 2527 972 2532 ,

75 2551 76 2556 ’
150 2542 228 2592 euius
247 2544 330 2594 etiam
345 2547 440 2598 salivis
454 2547 534 2598 melle
549 2547 717 2610 commixtis,
732 2561 782 2597 uec
797 2546 866 2598 clam
880 2547 940 2614 qui-

149 2612 211 2666 dem
222 2622 356 2679 natrano,
367 2618 550 2688 seoquotidic
559 2635 593 2671 ac
603 2620 707 2690 palam,
719 2617 941 2674 mnas-otian-
