1964 2962
94 163 164 218 ,291
391 165 418 210 0.
442 161 630 211 nunnoni!

115 289 270 351 rationare
279 287 334 338 lam
344 298 465 354 verpere,
476 283 567 337 subito
580 283 740 336 amllitibue
751 299 770 338 a
778 277 907 341 enbioirlo

115 369 223 428 raptus,
234 362 276 412 ita
285 367 316 412 ut
325 365 397 424 erat,
408 360 437 410 ln
447 364 521 410 verte
532 358 692 421 domestica,
703 359 856 426 imperator
866 370 910 414 eat

115 431 907 502 consalutatumcircumlatusqueperceleberrimorvieor‚

113 511 238 567 strictum
252 507 386 560 divrlnlii
399 507 522 576 gladium
535 511 642 571 tenena,
663 505 814 560 detractum
830 507 908 560 delu-

112 585 163 636 bro
177 583 290 647 Martie,
306 588 388 651 atque
402 581 534 649 inprime
548 580 733 648 gratulatione
747 587 908 647 porrectum

113 658 168 713 elbl
178 670 195 708 a
205 656 342 725 quodam:
362 671 412 708 nae
422 660 485 708 ante
494 656 523 705 in
536 655 705 721 praetorium
715 653 809 719 rediit,
822 671 909 723 quarn

112 729 245 798 flagrante
264 730 385 782 triclinio
406 744 440 781 ex
460 733 594 794 conceptu
607 728 726 791 eamini3
746 743 829 795 quum
845 731 907 798 qul-

113 805 192 868 dem,
213 805 394 864 consternatis
418 809 446 854 et
465 803 545 872 quari
559 802 655 868 ‚omine
676 801 791 855 adverso
813 805 907 856 anxiis

113 877 252 942 omnibue,
262 875 351 940 Bono,
361 875 462 946 inquit,
474 876 562 928 animo
577 883 681 936 entole,-
699 874 773 930 nolin
786 876 907 940 uiderim
970 901 971 926 r

111 951 188 1004 nullo
200 967 323 1004 sermone
334 951 391 1003 allo
402 951 476 1017 apud
485 950 586 1005 milites
595 965 671 1002 uana.
710 949 907 1004 Contendente
970 953 971 966 *

11 1077 14 1082 .
112 1025 210 1078 deinde
233 1026 316 1079 etlam
339 1026 490 1091 superioria
512 1025 671 1091 prouinciae
695 1025 835 1088 exercitu,
856 1028 908 1094 qui

110 1101 188 1168 priua
199 1114 216 1150 a
227 1098 318 1151 Galba
332 1098 367 1150 ad
374 1104 504 1150 'renatum
516 1097 661 1161 deiecerat,
673 1109 825 1164 cognomen
835 1096 905 1152 Ger-

43 1233 45 1240 ,
111 1174 221 1238 manioi,
233 1172 353 1226 delatum
365 1173 399 1224 ab
409 1173 553 1240 universio,
565 1171 662 1239 cupide
672 1172 775 1238 recepit
786 1171 906 1246 ringu-

59 1277 62 1284 .
111 1247 283 1311 otidistnlit3
305 1246 795 1314 Gaesaririnperpearumremrravit.

166 1321 215 1373 lx.
235 1322 274 1373 Ae
287 1321 402 1374 subinde
417 1321 500 1373 caede
514 1320 621 1372 Galbae
636 1315 815 1384 adnunciata,
830 1335 905 1372 oom-

111 1395 211 1464 poritir
227 1394 397 1448 Gemaniole
412 1396 506 1460 rebus,
521 1395 638 1462 partitur
654 1400 696 1446 est
711 1395 819 1460 copiae,
835 1409 907 1461 quae

113 1469 242 1522 adversor
258 1467 393 1522 Othonem
407 1469 606 1537 praemitteret,
627 1481 750 1540 quaeque
769 1468 829 1534 i'pre
843 1483 906 1535 per-

112 1543 231 1595 duceret.
268 1541 426 1596 Praemisso
441 1544 566 1612 agmine,
586 1543 689 1594 laetum
708 1542 798 1595 evenit
812 1545 907 1611 anepi-

112 1617 184 1684 eium
196 1634 203 1666 r
222 1616 357 1684 siquidem
369 1623 473 1684 aperte
485 1617 580 1669 dextra
593 1620 704 1684 repente
714 1615 808 1684 aquila
819 1615 907 1668 advo·

111 1690 188 1754 lavit,
199 1690 625 1758 lustransqueeignie‚ingreeeoe
633 1691 706 1742 viam
718 1691 817 1742 aenaim
829 1698 908 1744 ante-

113 1765 213 1826 oeaeit3
234 1769 263 1815 at
277 1769 373 1816 contra
385 1765 448 1833 ipro
463 1771 601 1829 movente,
622 1770 730 1818 statuae
750 1769 907 1831 equestres,

113 1849 197 1906 quum
205 1836 378 1906 plurifariam
389 1839 416 1890 ei
425 1845 602 1906 ponerentur,
613 1837 711 1890 frantia
723 1843 834 1906 repente
845 1853 908 1892 crn-

110 1913 491 1982 ribuoparitercorruerunt3
511 1913 650 1976 atlantea,
662 1911 908 1988 quomreligloeis-
969 1915 970 1918 ’

112 1987 186 2039 eime'
196 1985 422 2052 circumdederat,
442 1987 475 2040 iu
491 1986 670 2056 profluentem
687 1985 798 2040 excidit.
836 1985 909 2040 Mox
969 2021 970 2026 κ

111 2059 236 2132 Viennae
249 2075 299 2129 pro
309 2061 443 2113 tribunali
456 2063 519 2112 iura
532 2061 669 2124 reddenti,
680 2060 851 2127 gallinaceus
861 2077 908 2112 arr·

111 2149 163 2202 pra
178 2134 331 2199 humerum,
351 2149 384 2186 ao
398 2135 496 2188 deinde
512 2136 540 2186 in
555 2136 645 2202 eapite
660 2135 758 2202 astitit.
798 2134 907 2195 Quibus

113 2209 229 2262 ostentio
239 2225 291 2277 par
301 2197 442 2278 ietpondit
452 2210 559 2274 exitus:
579 2224 642 2260 nam
653 2208 843 2262 confirmatum
856 2224 908 2276 per

110 2283 218 2372 lepatoe
229 2299 294 2335 suos
303 2285 447 2352 imperium
458 2299 507 2352 per
517 2299 546 2337 ee
555 2285 673 2336 retinere
682 2297 738 2336 non
747 2283 847 2352 potnit.

167 2357 202 2408 X.
232 2356 274 2408 De
296 2355 467 2410 Betriacensi
489 2358 608 2410 victoria
631 2363 658 2408 et
679 2355 795 2410 Othonis
815 2357 907 2420 exitu,

112 2444 195 2496 quum
207 2427 296 2481 adhue
305 2429 334 2480 in
345 2429 439 2483 Gallia
449 2437 529 2496 esset,
541 2431 641 2482 audiit:
661 2428 785 2497 nihilque
795 2436 908 2483 cuneta.

110 2507 165 2565 tue,
177 2501 307 2568 quioquid
317 2505 554 2568 praetorianarum
567 2502 793 2567 eohortirrm'fuit‚
804 2509 836 2556 ut
845 2517 907 2569 pee-

111 2573 175 2624 rimi
185 2573 317 2640 exempli,
333 2590 388 2628 nno
399 2578 590 2630 exauctoravit
599 2575 702 2639 edicto,
717 2577 907 2630 iueeaetribu·

109 2645 153 2694 nie
172 2646 281 2698 tradere
302 2660 387 2698 arma.
442 2643 555 2704 Centum
580 2655 671 2702 antem
691 2654 774 2718 atque
793 2650 907 2717 viginti.
