1964 2962
78 131 129 188 326
355 135 382 181 c.
405 133 595 184 sutronu

78 271 166 325 eaque
175 255 327 310 novissima
337 255 429 310 aalleo
440 263 577 325 apparatu
586 257 735 312 induceret.
772 259 881 327 Acper

78 331 539 400 aurnegladiatorumspectacnlnm
545 338 607 384 aute
615 331 698 401 pedes
709 334 768 385 citu
778 333 880 385 stabat

76 405 211 472 puerulus¹
222 405 393 469 coccinatus,
414 411 594 474 portentuoso
614 421 755 474 parvoque
770 408 878 473 capite,

76 495 137 532 cum
148 495 204 548 qno
214 479 361 546 plurimum
371 478 561 545 fabulabatur,
581 481 878 550 nonnunquam'scrio.

75 553 340 617 Auditursestcerte,
360 553 425 604 dura
439 567 474 604 er
488 569 521 606 eo
538 555 658 621 quaerit,
679 553 876 622 sequestraret

76 644 126 682 car
143 625 196 679 sits·
213 626 296 678 ιιιιιιιι
316 633 393 690 eust,
418 627 585 679 ordinatione
604 627 729 696 proxim
749 627 878 697 Aegypto

72 695 219 771 preficere
233 698 366 753 Maeciam
380 699 491 772 Rasum.
530 693 626 756 Edidit
637 701 750 754 navales
764 716 878 768 pugnas

76 791 164 844 paene
177 775 313 829 iustarum
328 774 470 840 classium,
491 773 594 828 effosso
615 780 642 827 et
662 775 876 827 otramsuncto

76 851 156 902 iuxta
173 849 296 901 Tiberim
316 847 393 911 lacu;
423 854 505 918 atque
524 849 596 900 inter
614 851 750 901 maximos
769 849 877 901 imbres

76 924 269 994 perspectauit.
306 921 386 976 Fecit
395 927 423 974 et
431 922 513 975 ludos
523 921 691 988 saeculares,
713 927 879 990 computata

76 999 186 1050 ratione
195 1003 350 1064 temporum
364 998 399 1049 ab
414 1011 500 1062 auno,
520 1011 577 1048 nou
591 1013 646 1065 quo
662 997 793 1049 Claudius
808 997 878 1064 pro-

76 1073 163 1136 ximo,
184 1070 231 1122 sed
243 1085 297 1138 qno
309 1071 376 1123 olim
386 1072 523 1139 Augtutns
534 1071 667 1124 ediderat.
705 1071 736 1122 ln
746 1069 801 1134 his,
814 1071 878 1121 Cir-

79 1145 199 1200 censium
211 1143 268 1208 die,
289 1159 344 1213 quc
358 1144 470 1197 facilius
486 1151 592 1197 centum
602 1145 702 1198 musas
711 1159 877 1213 perageren-

78 1227 136 1283 tur,
157 1218 281 1286 singulos
296 1234 315 1270 a
332 1220 452 1286 septenis
467 1220 565 1288 spatiis
580 1219 616 1270 ad
630 1220 715 1286 quina
729 1218 876 1284 corripuit.

79 1293 204 1346 madunt
220 1297 248 1345 et
266 1293 469 1360 quinquennale
489 1298 626 1344 certamen
641 1292 799 1361 Capitolino
815 1291 879 1344 icet

79 1366 194 1436 triplex,
204 1367 353 1434 musicum,
364 1373 502 1435 equestre,
512 1367 682 1435 gymnicum,
694 1372 721 1419 et
731 1366 877 1434 aliquanto

80 1439 213 1510 pluuium,
237 1455 320 1508 quam
341 1455 413 1493 nunc
432 1447 487 1506 est,
513 1457 688 1493 coronarum.
727 1437 878 1493 Certabant

81 1515 154 1568 enim
166 1519 197 1566 et
210 1529 295 1582 prosa
310 1513 437 1566 oratione
449 1514 555 1567 Graeca
564 1514 730 1583 Latineque3
750 1529 785 1566 ac
796 1527 877 1584 prae·

80 1597 123 1642 ter
138 1585 315 1640 citharoedos
330 1586 577 1648 chorocitharistae
592 1604 702 1658 quoquc
717 1594 745 1640 et
762 1587 876 1656 psiloci·

80 1660 228 1725 tharistae3
247 1661 455 1715 instadiovero
467 1663 641 1716 cursuctiam
651 1663 780 1731 virgines
811 1661 876 1713 Cer

80 1727 180 1790 tamini
198 1736 338 1805 praesedit
357 1737 527 1804 crepidatus,
547 1745 739 1805 purpureaque
759 1725 876 1788 amictus

79 1819 148 1879 toga
168 1810 353 1875 Graecanica,
373 1811 464 1878 capito
482 1816 593 1878 gestans
613 1826 744 1864 coronam
764 1823 875 1861 auream

81 1901 142 1938 cum
154 1887 244 1953 effigie
253 1884 328 1936 lovis
339 1899 372 1936 ac
381 1885 494 1936 lunonis
503 1885 711 1954 Minervaeque,
732 1883 876 1936 assidenti·

80 1960 133 2012 bus
148 1959 227 2016 Diali
240 1959 383 2011 sacerdote
397 1965 425 2010 et
440 1959 559 2028 collegio
574 1959 739 2011 Flauialium
753 1957 814 2027 pari
827 1955 875 2008 ha·

80 2034 151 2100 bitu,
157 2033 408 2101 nislquodillorum
419 2034 530 2086 coronis
540 2035 630 2086 inerat
639 2040 667 2086 et
676 2033 763 2101 ipsius
773 2033 874 2098 imago.

83 2073 248 2162 oele’hrabat
261 2113 289 2160 et
302 2109 332 2160 in
342 2108 448 2159 Albano
465 2108 613 2176 quotannis
629 2107 813 2176 Quinquatria
822 2105 876 2156 Mi·

81 2198 190 2247 nervae,
203 2181 406 2258 cucouegtnm
415 2182 586 2234 instituerat.
607 2197 640 2234 ex
650 2196 704 2250 quo
716 2186 791 2232 sorte
801 2180 876 2232 ducti

82 2257 243 2324 magisterio
254 2245 442 2324 iungerentur
462 2255 660 2323 redderentque
670 2255 786 2308 exrmras
795 2267 875 2306 vena

82 2329 173 2392 tiones
184 2335 212 2381 et
221 2329 345 2383 scenicos
355 2329 451 2393 ludos,
467 2345 602 2399 superque
617 2335 759 2382 oratorum
768 2343 803 2380 ac
811 2343 875 2395 poe

73 2403 172 2452 'tarum
187 2403 345 2456 certamina.
385 2404 563 2472 Congiarium
581 2403 685 2475 populo
703 2417 874 2456 nummorum

82 2479 256 2527 trecenorum
267 2482 309 2527 ter
318 2477 403 2542 dedit,
411 2484 493 2546 atque
503 2479 576 2532 inter
584 2478 743 2548 spactamrla
757 2477 874 2530 muneris

81 2545 268 2612 largissimum
284 2550 403 2614 epulum.
446 2551 651 2619 Septimontiali
672 2567 766 2616 sacro,
786 2551 873 2619 primo

83 2617 127 2670 die
138 2621 246 2672 senatui
255 2623 395 2691 equitique
405 2625 541 2694 parariis,
560 2627 653 2697 plebei
665 2591 806 2696 sportellis
816 2640 875 2681 cum
