1986 2960
132 83 166 138 88
273 43 278 52 .
410 85 438 134 0.
459 86 659 136 sunroNsr

149 199 217 256 Ato‘
229 200 324 265 doside
333 201 466 270 dyaudrae'
476 206 572 266 ἴμεναι,
581 201 675 270 ἄγονός
686 201 707 257 s'
718 201 882 260 instiutor!

133 294 185 333 nee
195 277 277 332 aliter
286 295 335 333 eos
345 279 498 349 appellere,
519 295 602 350 quern
614 280 667 332 tris
680 282 804 334 vomices
814 288 862 335 out
869 284 925 336 trie

133 353 390 408 cerdnomstssua.
822 407 828 420 ,

188 417 288 480 var.
307 426 555 495 Amicitinsueque
572 425 656 478 iseile
675 425 799 491 admisit,
820 433 848 480 et
861 443 927 482 oon·

131 501 301 555 stsutlseime
313 501 438 563 retinuit3
461 515 518 552 nou
530 505 637 552 tentum
650 501 766 552 virtutes
780 515 813 553 ee
826 503 925 554 merite

132 575 266 646 ouiusque
277 573 359 644 digne
371 579 547 642 prosecutus,
559 573 616 626 sed
628 574 698 626 ritis
712 588 822 643 quoque
836 581 864 626 et
878 576 922 628 de·

130 647 212 713 licto,
228 647 659 714 duntsxetmodiee,perpessus.
696 646 792 715 Neque
802 648 874 700 enim
884 655 923 702 te·

59 713 63 719 ’
130 735 205 776 urere
219 722 345 774 exomni
357 734 470 773 numero
485 720 515 771 iu
530 720 654 772 amicitie
668 721 727 772 eius
742 717 838 772 afflicti
847 735 923 790 repe·

130 795 249 858 flentur,
267 799 377 860 praeter
386 792 572 845 Salvidienum
582 790 696 859 Rufum,
716 808 797 861 quem
811 793 848 846 ed
858 810 923 850 eon·

129 866 251 918 sulatum
260 880 356 934 usque,
366 871 394 918 et
404 866 561 918 Cornelium
572 864 697 929 Gallum,
708 880 786 933 quem
797 866 834 918 ed
843 882 923 935 prae·

128 937 264 992 tectum
273 938 404 1008 Aegypti,
418 954 451 993 ex
460 939 555 990 intimi
564 944 708 1005 suumque
717 937 842 1002 fortune,
858 955 923 1007 pro·
938 976 945 983 -

128 1018 250 1067 vereret.
290 1013 413 1076 Quorum
433 1012 562 1077 alterum,
586 1025 630 1064 res
648 1025 735 1063 noves
753 1009 924 1080 molientem,

129 1085 315 1138 damnandum
324 1087 433 1139 senatui
441 1085 569 1138 tradidit:
590 1084 925 1152 alter1‚obingrstumet

128 1160 295 1213 malevolum
305 1161 439 1226 animum,
450 1159 533 1212 dorne
544 1165 572 1212 et
580 1158 731 1227 provinciis
741 1158 798 1210 suis
808 1158 922 1214 interdi-

127 1233 180 1286 xit.
219 1233 274 1288 Sed
288 1231 371 1288 (rouo
390 1248 500 1304 quoque
518 1241 546 1286 et
564 1238 755 1286 eomsstorom
775 1233 922 1290 denunois·

128 1307 254 1362 tionibus
274 1313 302 1361 et
320 1315 431 1362 senatus
452 1307 585 1361 eonsrdtis
606 1307 642 1358 ed
655 1321 749 1359 necem
768 1305 922 1374 compulso,

128 1379 255 1434 laudarit
264 1381 373 1449 quidem
383 1382 514 1450 pietatem
523 1387 667 1448 tantopere
676 1395 727 1449 pro
739 1395 767 1433 se
777 1379 921 1448 indignen-

127 1452 214 1506 tium:
227 1460 346 1508 ceterum
357 1462 384 1508 et
393 1455 571 1508 illsorirnerit
580 1462 608 1507 et
616 1455 704 1507 vicens
714 1469 792 1506 suam
803 1469 921 1523 conque·

129 1531 189 1580 stus
198 1533 254 1592 est,
274 1529 344 1594 qued
356 1528 408 1580 ridi
419 1529 468 1581 soli
480 1545 533 1581 noo
545 1528 647 1591 lueret,
669 1527 772 1590 amieis,
793 1538 923 1595 quatenos

128 1601 211 1663 nollet,
221 1599 311 1652 irasci
336 1600 447 1669 Reliqui
456 1602 581 1668 potentie
591 1607 672 1668 atque
683 1603 782 1668 opibus
793 1602 829 1653 ed
840 1603 922 1656 finem

127 1673 216 1739 ritae,
240 1674 285 1726 sui
304 1674 436 1743 cuiusque
455 1674 561 1739 ordinis
584 1675 735 1743 principes,
759 1675 921 1742 floruerrmt,

129 1761 286 1816 quenquam
296 1754 324 1800 et
334 1746 447 1800 offensis
456 1748 707 1801 intervenientibus.
745 1749 923 1802 Desideravit

128 1822 202 1874 enim
221 1836 430 1889 nonuunquam,
448 1837 483 1875 ne
503 1823 537 1875 de
550 1822 675 1890 pluribus
689 1822 820 1887 referem,
840 1830 869 1876 et
881 1823 922 1876 M.

20 1913 26 1923 ·
128 1895 451 1965 Agrippeepetientisro,
471 1901 499 1949 et
507 1897 676 1949 Maecenatis
690 1897 923 1962 taciturnitaten13

129 1983 214 2038 quum
222 1970 271 2022 ille
281 1985 315 2023 ex
324 1969 379 2022 leri
387 1970 501 2040 frigoris
511 1971 676 2039 suspicione,
687 1977 716 2022 et
723 1969 924 2038 quodMsrcei·

128 2042 173 2096 lus
187 2045 242 2097 sibi
256 2043 447 2112 anteferretur,
467 2040 617 2113 Mytilenas
631 2059 661 2096 se
674 2043 779 2096 relictis
794 2046 924 2098 omuibus

130 2119 304 2183 contulisset3
324 2117 370 2171 hio
379 2126 513 2174 secretum
524 2119 557 2171 de
568 2117 847 2185 comperteMurense
858 2135 924 2172 cou-

128 2190 268 2245 iuratione
287 2194 370 2246 uxori
387 2194 534 2246 Terentiae
557 2191 734 2260 prodidisset.
775 2190 877 2260 Exegit
896 2200 925 2246 et

129 2263 189 2331 ipse
198 2265 315 2320 invicem
326 2269 361 2320 sb
373 2268 470 2320 amieis
479 2265 697 2318 benevolentiam
708 2272 844 2330 mutuam,
864 2273 926 2320 tarn

129 2351 148 2390 e
162 2337 309 2405 defunctis,
330 2356 413 2409 quem
428 2357 446 2394 s
458 2340 538 2394 vivis.
576 2338 647 2392 Nam
666 2341 792 2407 quamvis
810 2341 927 2394 minime

131 2418 271 2479 oppeteret
284 2411 463 2480 hereditates,
482 2419 515 2468 ut
529 2414 577 2483 qui
590 2429 729 2482 uunquam
740 2429 775 2467 ex
783 2414 877 2481 ignoti
886 2421 926 2468 te·

129 2492 265 2539 stomento
285 2489 548 2558 capere-quiequam
572 2488 745 2552 sustinuerit,
770 2487 927 2542 suricorum

128 2564 220 2613 temen
234 2576 361 2630 supreme
373 2562 479 2617 iudicio
491 2562 679 2617 morosissime
692 2559 854 2631 pensitavit3
879 2579 927 2618 ne·
