1964 2970
183 113 318 161 IULIUS
347 111 507 160 CAESAR.
545 111 750 160 caP.11-to.
853 113 870 162 7

69 251 144 288 mam
155 241 292 288 statoente
302 248 436 302 paenam,
452 234 530 291 solus
545 234 735 302 municipatim
746 235 870 290 dividen-

69 310 122 363 dos
134 309 396 376 etrstodiendosque,
402 309 552 376 publicatis
561 309 652 373 bonis,
663 311 777 362 censuit.
796 311 869 372 Quin

69 391 98 437 et
106 391 213 436 tautum
224 390 329 436 metum
338 383 436 436 iniecit
446 384 589 450 asperiora
599 383 786 449 suadentibus,
792 383 867 437 iden-

69 460 156 510 tidem
168 464 320 522 ostentans,
332 465 436 524 quauta
445 473 494 508 ecs
505 458 534 508 in
544 464 685 524 posterum
696 473 714 508 a
724 459 802 525 plebe
812 459 867 512 Ro·

15 601 16 604 *
70 547 154 585 mana
163 539 289 585 maneret
297 531 413 596 invidia,
424 539 456 584 ut
465 531 609 583 Decimum
620 530 758 597 Silanum,
770 548 868 586 cousu-

15 625 16 628 ’
71 607 123 660 lem
134 607 319 674 designatum
329 621 386 658 non
395 607 516 674 piguerit
525 607 689 658 sententiam
699 621 790 671 stram,
801 609 868 674 quia

70 687 177 734 mutare
185 689 269 748 turpe
278 684 353 744 erat,
367 681 595 748 interpretatione
605 679 692 732 lenire
697 699 708 744 ,’
721 680 797 732 velut
805 697 867 748 gra-

69 757 141 820 vius,
152 761 235 823 atque
245 757 307 822 ipse
317 755 461 826 spnsisset,
472 760 628 822 exceptam:
649 755 867 824 obtinuissetque

15 863 16 880 t
70 830 153 894 adeo,
162 826 332 880 transductis
344 829 379 880 ad
389 845 419 881 se
428 830 485 880 iam
495 829 633 898 pluribus,
649 835 678 881 et
692 831 721 880 io
736 827 779 881 his
791 830 867 882 Cice-

15 923 16 972 r
69 919 153 968 rone,
170 903 294 956 consulis
304 901 403 968 fratre,
418 904 474 954 nisi
483 903 622 955 labantem
634 903 758 956 ordinem
767 905 867 956 coufir-

15 989 17 1032 t
68 984 173 1029 masset
182 977 222 1028 Μ.
234 977 350 1029 Catonis
361 979 463 1029 oratio.
501 977 540 1028 Ac
552 988 590 1028 ne
605 978 645 1030 sic
660 977 770 1045 quidem
780 979 867 1044 impe-

15 1051 26 1120 (
71 1053 199 1104 direrem
209 1051 325 1114 destitit,
339 1051 518 1119 quoadusque
528 1067 625 1104 manus
635 1052 866 1119 equituchma·
935 1081 942 1094 ι

70 1141 184 1190 norum,
200 1119 272 1193 quae
287 1130 395 1176 arnrata
409 1125 543 1193 praesidii
559 1139 644 1178 carisa
660 1126 866 1188 circumstabat,

15 1211 16 1218 ’
70 1200 283 1253 iromoderatius
301 1199 489 1266 perseveranti
507 1215 601 1262 necem
627 1199 796 1250 comminata
816 1205 866 1263 est,

71 1276 154 1328 etiam
170 1275 283 1326 strictos
300 1272 508 1341 gladiosnsque
518 1287 551 1324 eo
562 1273 715 1336 inmutatis,
730 1272 866 1326 utsedeu·

69 1356 124 1401 mm
138 1364 197 1401 una
210 1348 334 1416 proximi
349 1347 534 1410 deseruerint,
554 1347 700 1413 vixpauci
719 1347 866 1415 complexu

70 1430 192 1492 togaque
203 1423 314 1475 obiecta
323 1423 502 1489 protexerint.
528 1421 608 1472 Tunc
617 1419 698 1488 plane
710 1421 865 1486 deterritus,

70 1514 142 1564 non·
165 1497 220 1550 odo
232 1497 329 1561 aeaut,
345 1495 394 1550 sed
404 1495 617 1564 etiareliquum
627 1495 810 1564 annitempus
821 1511 866 1547 cu·
907 1534 916 1547 Ι

69 1571 267 1626 riaaastinuit.

123 1646 186 1698 XV.
207 1645 302 1697 Primo
319 1649 467 1712 praeturae
487 1644 531 1697 die
548 1644 582 1706 Q.
599 1643 727 1696 Catulum
743 1643 777 1696 de
796 1642 867 1696 refe·

71 1721 162 1774 ctione
179 1721 315 1789 Capitolii
335 1720 371 1772 ad
387 1719 609 1786 disquisitionem
629 1718 727 1790 populi
746 1718 866 1783 vocavit,

69 1796 216 1864 rogatione
225 1794 413 1862 promulgata,
424 1809 479 1861 qua
488 1794 659 1846 cenationem
670 1807 731 1845 eam
741 1793 771 1842 in
782 1792 867 1844 atium

69 1870 263 1924 transferebat.
302 1867 405 1921 Verum
424 1870 515 1936 impar
535 1862 711 1936 optimatium
726 1867 867 1934 conspira-

69 1946 150 2010 tioni,
162 1942 348 2013 quos,ralietc
359 1943 452 1995 statim
462 1957 597 1996 novorum
608 1941 754 2005 consulum
764 1941 867 2004 officio,

69 2019 227 2088 frequentes
244 2019 453 2084 obstinatosque
469 2017 505 2070 ad
519 2015 702 2070 resistendum
718 2029 867 2070 concuciu-

69 2095 140 2146 risse
151 2093 291 2156 cernebat,
303 2091 374 2144 hanc
384 2089 493 2159 quidem
504 2089 642 2144 actionem
653 2089 791 2156 deposuit.
810 2097 812 2104 '
880 2119 882 2124 ,

123 2167 200 2220 xvi.
222 2167 349 2218 Ceterum
361 2165 483 2218 Caecilio
494 2165 623 2230 Metello,
639 2164 751 2216 tribrmo
767 2163 866 2231 plebis,

67 2241 324 2294 turbulentissimas
334 2240 409 2308 leges
420 2240 550 2292 adversus
557 2239 726 2306 collegarum
736 2239 866 2290 interces-

16 2357 17 2368 ,
68 2317 176 2370 sionem
187 2315 302 2380 ferenti,
314 2321 455 2368 auctorem
464 2318 751 2382 propugnatoremque
767 2329 796 2365 ae
805 2327 867 2379 per·

15 2389 16 2394 ’
66 2391 242 2444 tinacimime
251 2390 404 2458 praestitit,
424 2389 513 2442 donee
528 2389 610 2440 ambo
626 2387 867 2440 administratione

68 2466 241 2534 reipublicae
252 2465 363 2518 decreto
374 2470 483 2533 patrum
493 2469 738 2516 commoverentur.
753 2517 755 2520 ,
776 2461 816 2512 Ac
825 2461 867 2512 ni·

68 2537 126 2594 hilo
138 2541 401 2608 minuspermanere
410 2539 440 2592 in
450 2538 616 2605 magistratu
625 2537 707 2588 etius
717 2535 809 2585 dicere
820 2547 868 2598 au·

15 2671 17 2694 p
68 2630 123 2682 Μ,
133 2621 167 2668 ut
177 2615 326 2684 conpetit,
342 2618 472 2684 paratos,
488 2601 869 2680 quiriacperarmaprohi·
