1964 2962
193 150 452 208 nominemus.
482 149 561 195 CAP.
579 150 697 196 13-16.
793 147 873 202 335.-
915 217 923 228 .

38 273 145 344 giem,
161 271 277 324 trabeati
291 279 318 322 et
327 285 385 322 eum
395 268 479 320 tastis
488 267 646 342 militaribus
655 269 844 336 praecederent

41 363 106 400 eum
116 383 126 409 ,
147 345 218 398 iuter
237 344 341 396 lictores
359 341 582 409 apparitoresque.
621 343 756 409 Tempore
775 359 841 397 vero
873 375 875 380 ·

41 419 171 488 stupenti
180 417 297 484 periculi
307 415 556 484 appropinquante,
571 415 718 468 sollicitior
731 418 842 483 indies,
864 465 876 469 ,,

41 494 218 563 porticuum,
233 491 263 542 in
277 491 376 557 quibus
390 491 507 556 spatiari
521 496 712 556 consueverat,
722 492 841 558 parietes

31 566 178 638 ¹phengite
188 563 281 632 lapide
291 564 429 627 distinxit,
444 578 462 614 a
472 563 550 616 citius
560 563 705 636 splendore
714 564 840 633 perima-

42 643 139 709 gines,
155 637 286 706 qtsioquid
300 653 315 690 e
328 644 406 706 tergo
417 638 506 702 fieret,
516 637 681 711 provideret.
720 637 842 690 Nonnisi

43 717 164 766 secreto.
176 717 257 778 utque
276 711 352 764 solus
372 712 516 780 plerasque
537 711 695 776 custodias,
714 713 840 778 *receptis

44 785 161 856 quidem
174 787 204 838 in
218 800 327 838 manum
343 786 460 850 catenis,
472 785 610 838 audiebat.
648 785 737 853 thue
748 786 840 846 dome·

45 861 127 928 stipis
141 858 330 927 persuaderet,
345 875 379 912 ne
393 861 467 912 bono
480 859 589 927 quddam
604 859 728 928 exemplo
739 859 839 911 auden-

46 936 192 988 dam.esse
209 935 321 1001 patroni
338 949 443 998 necem,
467 930 686 1001 Epaphroditum
705 948 722 984 a
740 933 841 986 libellis

30 1062 36 1070 ,
47 1009 165 1077 capitali
174 1003 263 1076 poene
274 1007 473 1072 condemnauit,
479 1006 553 1076 quod
563 1012 627 1074 post
636 1005 841 1059 destitutionem

46 1083 123 1136 Nero
133 1083 163 1134 in
174 1081 351 1150 adipiscenda
361 1087 448 1134 morte
461 1081 614 1140 manutius
628 1079 737 1142 adiutus
748 1081 841 1134 exuti·

46 1157 186 1210 mabotur.

103 1229 166 1284 XV.
186 1229 311 1298 Denique
339 1229 465 1282 Flavium
494 1229 659 1282 Clementem
687 1230 861 1297 patruelem,

47 1321 143 1372 mum,
155 1305 404 1373 contemptissimae
417 1304 547 1367 inertiae,
558 1304 641 1354 'cuius
655 1303 741 1368 filios,
757 1305 839 1356 etiam

47 1388 108 1434 tum
125 1379 265 1448 parvulos,
286 1391 458 1430 successores
476 1375 569 1443 palam
590 1376 782 1442 destinaverat,
803 1385 838 1442 et,

50 1453 157 1507 abolito
171 1453 263 1520 priore
277 1453 399 1516 nomine,
412 1449 527 1502 alterum
536 1449 737 1518 Vespasianum
748 1453 839 1520 appel-

49 1527 360 1591 lmiimseoatolterum
370 1525 838 1592 Domitianum,repenteextenuin

50 1603 122 1654 sima
134 1603 290 1671 suspicione
302 1607 408 1654 tannim
422 1613 478 1652 non
491 1599 521 1650 in
539 1599 601 1667 ipso
616 1599 675 1652 eius
695 1599 840 1652 consulatu

49 1675 194 1728 interemit.
220 1675 281 1737 Quo
291 1676 409 1728 maxime
419 1673 493 1726 facto
505 1673 654 1726 maturavit
661 1673 716 1725 sibi
725 1675 838 1726 exitum.

8 1753 11 1808 l
51 1750 193 1803 Continuis
209 1755 272 1803 octo
287 1751 425 1814 mansibus
438 1754 482 1802 tot
494 1747 604 1815 fulgura
613 1746 688 1800 iacta
697 1749 838 1800 nunciata·
908 1802 915 1816 ,

48 1841 103 1893 que
116 1830 190 1888 sum,
204 1829 236 1874 ut
250 1823 460 1876 exclamaverit:
482 1821 578 1874 Feriat
590 1820 658 1886 iam,
674 1837 749 1888 quem
763 1823 837 1874 eolat

50 1901 165 1952 Tootum
185 1898 219 1950 de
239 1898 317 1950 coelo
338 1898 505 1965 Capitolium
523 1896 707 1963 templumque
724 1895 839 1948 Flaviae

50 1973 155 2042 gentis3
173 1973 240 2024 item
260 1971 357 2023 domus
367 1971 503 2035 Palatina
523 1976 551 2023 et
565 1970 719 2024 cubiculum
731 1970 837 2037 ipsiust

48 2053 132 2113 atque
141 2046 224 2097 etiem
233 2061 248 2096 e
257 2045 321 2096 basi
334 2051 441 2098 statuae
453 2041 627 2113 triumphalis
636 2043 733 2095 titulus
743 2058 837 2096 exctis·

52 2135 97 2172 sus
106 2119 134 2170 vi
147 2118 285 2185 procellae
298 2119 327 2169 in
340 2124 543 2170 monumentum
556 2119 711 2186 proximum
726 2117 836 2170 decidit.

51 2192 152 2254 Arbor,
163 2186 235 2258 'quae
248 2192 356 2258 privato
372 2189 461 2243 adhuc
472 2189 644 2258 Vespasiano
665 2207 759 2247 euersa
778 2207 836 2244 sur·

51 2271 169 2330 rexerat,
182 2271 249 2316 tune
267 2279 361 2316 rursus
380 2269 490 2331 repente
509 2266 621 2318 corruit.
659 2265 837 2318 Praenestina

52 2339 181 2403 Fortuna,
191 2343 251 2390 toto
261 2338 371 2405 imperii
380 2338 470 2404 spatio
482 2351 582 2390 annum
591 2353 691 2393 novum
703 2356 836 2408 omnmen-

8 2463 10 2478 ,
54 2414 129 2466 danti
141 2412 242 2466 loetum
256 2411 423 2480 eandemque
436 2425 543 2478 semper
555 2417 658 2464 sortem
669 2414 735 2466 dore
745 2428 836 2466 amue-

8 2485 9 2568 l
52 2495 93 2553 tn,
104 2493 222 2541 extremo
232 2485 417 2543 tristusinaam
428 2475 556 2548 reddidit,
566 2499 617 2537 nee
626 2486 685 2538 sine
695 2485 837 2555 sanguinis
849 2511 855 2522 ·

8 2571 9 2616 l
53 2563 193 2616 mentione.
235 2562 400 2626 Μίιιοπιιιι,
415 2575 498 2628 quam
510 2559 700 2625 superstitioso
713 2561 836 2627 colebat,

8 2691 9 2694 ,
54 2637 334 2708 somniavit-excedere
343 2635 478 2704 sensorio,
486 2631 718 2703 magnomonte
727 2649 756 2687 se
765 2635 859 2690 tueri.

8 2731 10 2766 ι

8 2801 9 2832 l
