1992 2962
125 95 176 148 m
402 97 430 144 G.
453 95 641 146 sussromr

124 219 179 272 rte
200 232 251 288 pro
266 215 405 297 Tigellino
425 219 509 272 etiam
528 217 661 274 saevitiae
680 216 814 288 populum
829 217 923 270 edicto

124 293 200 346 incre
219 293 269 344 uit.
965 298 966 302 ’

180 309 269 420 Xle.
274 365 329 420 Per
341 364 411 420 hoec
423 381 510 436 prope
522 365 659 418 universis
674 363 820 418 ordimine
835 365 924 418 offen

125 441 178 506 sis,
203 441 248 494 vel
265 441 416 510 praecipua
433 439 570 508 flagrabat
587 439 693 492 invidia
713 439 788 508 apud
807 439 921 492 milltes.

124 515 196 568 Nam
212 530 294 583 quum
304 515 334 566 in
343 516 427 567 verba
441 515 500 567 eius
512 514 632 566 absentis
642 513 799 565 iurantibus
811 514 923 566 donati-

77 595 81 602 '
124 604 189 642 vum
198 587 330 658 grandius
343 589 429 641 solito
443 589 597 657 praepositi
610 589 853 656 pronrmciaesent,
874 605 922 640 ne-

126 669 345 734 queremratam
355 662 465 727 habult,
486 668 514 714 et
524 662 639 714 subinde
648 661 775 727 iactavit,
796 663 924 732 relegere

126 736 247 800 milior,
268 752 321 790 noo
334 753 418 790 emere
427 752 568 790 mosaeam.
607 735 695 802 Atque
705 751 739 787 eo
751 736 861 805 quidem
872 753 924 790 no-

125 812 315 873 mineomnes‚
336 811 495 880 qul‘ubique
507 815 600 874 erant,
621 810 804 862 exacerbavit.
845 811 924 864 Cete-

125 901 186 938 rum
195 886 387 952 praetorimos
401 885 486 936 etiarn
498 889 573 936 metu
588 890 615 937 et
623 884 789 950 indignitate
800 899 924 939 commo-

117 961 322 1024 -rltremovens
331 957 446 1010 subinde
455 957 601 1028 plerosque
610 964 642 1009 ot
651 965 794 1026 suspectos
804 958 925 1030 etNym7

126 1033 216 1103 poidii
226 1033 327 1086 socios
357 1031 411 1086 Sed
420 1033 539 1086 menime
548 1031 682 1084 fremebat
691 1033 843 1099 superioris
854 1032 924 1086 Ger·

126 1108 236 1160 maniae
246 1105 394 1171 exereitus,
414 1106 541 1158 fraudari
555 1122 585 1158 se
599 1107 730 1174 praemiis
744 1113 862 1159 navatae
873 1109 923 1160 ad-

127 1199 225 1236 versos
234 1182 331 1236 Gallos
345 1189 373 1236 et
381 1181 526 1236 Vindicem
540 1197 649 1250 operae.
686 1181 762 1250 Ergo
778 1183 863 1249 primi
873 1186 923 1236 ob·

84 1311 98 1338 ,
128 1259 253 1327 sequium
262 1273 372 1328 rupere,
384 1273 417 1323 ac
426 1273 456 1310 se
465 1257 598 1310 Kalendis
608 1256 732 1308 ianuarii
742 1257 819 1326 adigi
829 1273 922 1310 sacra-

79 1335 83 1344 '
128 1337 234 1397 mento,
254 1333 309 1384 nisi
322 1332 460 1384 innomen
471 1331 600 1396 Senatus,
620 1337 794 1384 recusarunt:
815 1334 922 1386 statinu-

130 1421 182 1476 que
192 1405 358 1476 legationem
368 1405 404 1458 ad
414 1407 605 1476 praetorianos
617 1421 677 1458 cum
688 1406 827 1458 mandatis
838 1407 923 1460 deoti-

128 1485 262 1532 naverunt
263 1479 923 1567 ,displiceret‘mperotoremiaHirpouiosoctum

131 1552 280 1624 eligor-eat·
266 1553 326 1621 epti,
338 1569 414 1621 poem
423 1555 514 1608 cuncti
522 1547 651 1608 eoncitat
662 1553 870 1623 coosproloreot.

185 1627 276 1679 XVII
284 1627 366 1690 Quod
374 1635 407 1680 ut
414 1629 573 1682 nunciatum
584 1635 636 1693 est,
645 1629 786 1699 despectui
795 1639 855 1681 esse
866 1645 925 1683 non

130 1708 188 1758 tom
198 1707 332 1754 senectam
343 1717 524 1770 enumquam
535 1703 681 1755 orbitatem
691 1709 767 1755 ratas
773 1742 781 1768 ,
792 1701 926 1756 Pisonem

130 1776 217 1843 Frugi
229 1775 417 1840 Licinianum,
436 1775 558 1828 nobilem
577 1778 925 1847 egregiumqueinrenem,

132 1866 165 1902 ao
179 1851 235 1902 sibi
248 1850 315 1902 olim
328 1850 567 1918 probatissimum²
584 1857 802 1920 testamentoque
816 1867 926 1920 semper

132 1925 162 1976 in
172 1926 245 1977 bona
256 1931 283 1978 et
292 1939 391 1978 nomen
401 1925 530 1989 ascitum,
549 1921 660 1993 repente
675 1926 791 1978 emedio
800 1925 925 1978 salutan-

131 2000 200 2052 tinm
209 2000 293 2052 turba
301 1996 498 2068 apprehendit;‚
512 1999 652 2068 ilirunqne
663 1999 926 2068 appellansfflerdu·

132 2075 213 2126 xiti'n
224 2079 322 2138 eastra,
334 2089 367 2124 ac
377 2089 430 2141 pro
439 2075 570 2126 concione
582 2073 733 2144 adoptavit,
744 2090 778 2126 ne
787 2080 853 2126 trino
864 2076 925 2140 qui-

133 2147 196 2200 dem
211 2147 337 2201 donativi
348 2147 407 2199 ullo
420 2149 558 2200 mentione
571 2147 655 2202 iacta.
695 2148 757 2211 Quo
767 2147 926 2200 faciliorem

135 2223 308 2275 occasionem
325 2221 365 2274 M.
386 2221 480 2275 Salvio
496 2219 601 2274 Othoni
618 2223 745 2290 praebuit
763 2223 927 2292 perficiendi

136 2302 245 2360 conata,
255 2297 329 2347 intra
339 2303 445 2349 sextrrm
455 2296 612 2364 adoptionis
622 2298 703 2349 diem

190 2367 289 2420 XVllL
308 2369 412 2436 Magno
430 2377 462 2424 ct.
477 2371 589 2422 assidua
608 2378 731 2423 monstra
748 2371 806 2422 iam
824 2370 890 2424 inde
909 2385 927 2422 a

135 2441 272 2508 principio
292 2443 394 2494 exitum
415 2445 453 2508 ei,
478 2445 568 2512 qualis
592 2446 694 2509 evenit,
719 2445 926 2511 portenderant.

137 2513 231 2572 Quum
241 2529 290 2581 per
304 2530 383 2566 omne
399 2518 452 2568 iter
471 2517 567 2569 dextra
585 2519 750 2584 sinistraque
771 2517 927 2585 oppidatim

136 2586 267 2639 victimae
275 2587 462 2655 caederentur,
469 2596 578 2657 tarnum„
585 2592 756 2644 sccrnioictu
767 2598 927 2645 consterna·
