1964 2970
217 93 474 144 ocrnvmnus.
510 99 697 149 censen.
741 67 743 72 ’
822 102 855 154 er

63 229 178 288 maqque
187 217 243 269 sibi
253 224 345 284 partes
353 225 458 272 terrore
469 234 502 271 ac
511 220 857 294 millisvlndieantem,spo·

61 294 144 346 liavit
153 292 288 355 exercim3
309 293 513 362 supplicemque
524 309 655 347 concessa
663 297 722 349 rita
733 299 856 354 Circeios

60 369 262 437 inperpetrunu
273 366 412 433 relegavit.
612 399 616 410 ·
654 417 657 424 χ
699 419 701 423 .

116 439 206 493 XVII.
226 441 265 493 M.
277 435 393 492 Antonii
406 443 565 494 societatem
581 457 687 513 semper
701 445 813 498 dubiem
829 457 857 502 et

35 521 43 528 '
61 518 210 579 incertam,
229 515 504 578 reconciliationibus
516 517 601 568 variis
611 518 856 588 malefecillatam,

60 591 176 657 abrupit
188 588 308 640 tandem.
346 589 451 659 litque
465 591 554 658 magis
568 592 748 660 degenerasse
763 610 823 647 eum
839 612 857 648 e

61 665 140 718 civili
158 678 235 715 more
251 665 429 731 approbaret,
448 671 653 731 testamentum,
673 669 749 737 quod
763 670 788 720 is
801 669 856 723 Ro·

61 755 136 802 mae,
158 738 243 790 aiam
258 738 291 788 de
303 737 466 807 Cleopatrae
480 739 575 792 liberis
584 741 657 794 inter
665 741 779 796 heredes
788 759 855 796 uun·

60 812 184 881 eupatis,
200 811 362 880 reliquerat,
383 813 559 881 aperiendum
569 817 793 888 recitandumque
803 833 854 889 pro

60 887 198 940 concione
207 887 323 937 curarit.
360 887 476 940 Remisit
489 894 581 941 tamen
591 888 666 943 hosti
675 893 798 946 iudicato
809 910 855 947 ne·

59 960 243 1014 cessitudines
258 961 416 1029 amicosque
432 977 539 1027 omues,
558 971 640 1033 etque
654 967 726 1020 inter
740 968 812 1020 alios
823 970 854 1020 C.

5 1025 7 1052 ¹
60 1035 174 1090 Sosium
184 1040 212 1087 et
222 1034 270 1086 Cn.
281 1033 443 1100 Domitium,
454 1043 520 1089 tune
528 1037 620 1090 adhuc
630 1041 765 1093 consides.
799 1043 855 1094 Bo·

58 1110 241 1163 noniensibus
260 1113 370 1180 quoque
389 1111 511 1177 publice,
532 1112 607 1181 quod
624 1115 654 1164 in
672 1115 856 1166 Antoniorum

60 1183 190 1238 clientela
201 1184 353 1251 antiquitus
368 1191 458 1248 erant,
479 1187 597 1252 gratiam
611 1186 678 1239 fecit
692 1189 857 1241 coniurandi

60 1275 121 1312 coru
136 1264 199 1310 tota
212 1257 294 1308 ltalia
307 1273 358 1326 pro
373 1260 499 1325 partibus
514 1261 580 1310 siris.
618 1260 677 1313 Nec
688 1262 776 1314 multo
791 1273 856 1332 post

5 1375 6 1380 ,
59 1334 155 1386 navali
168 1332 276 1401 proelio
292 1333 365 1401 apud
375 1332 483 1384 Actium
496 1334 575 1397 vicit,
595 1333 624 1385 in
638 1349 728 1386 serum
742 1337 854 1390 dimice-

58 1410 135 1460 tione
145 1412 300 1476 protracta,
311 1407 381 1458 utin
391 1407 456 1458 navi
465 1407 555 1459 victor
565 1412 774 1475 pernoctaverit.
812 1413 854 1465 Ab

58 1483 138 1534 Actio
151 1497 236 1551 quum
247 1479 522 1535 Samuminbiberna
536 1498 565 1534 se
579 1485 739 1551 recepisset,
758 1489 853 1539 turba·
901 1478 903 1487 '
970 1479 975 1488 '

57 1553 223 1609 eununciis
233 1555 266 1607 dc
276 1556 413 1608 seditione
422 1556 554 1622 militum,
574 1560 698 1625 praemia
708 1566 736 1612 et
744 1562 853 1614 missio·

57 1647 119 1685 nem
130 1631 316 1700 poscentium,
328 1645 398 1699 quos
409 1645 442 1682 ex
453 1632 528 1682 omni
536 1647 663 1698 numero,
677 1634 805 1688 coniecta
813 1637 853 1687 vi·
906 1689 909 1698 ,
928 1697 931 1706 Ι

53 1707 165 1770 mona,
187 1705 365 1756 Brundisium
393 1706 584 1773 praemiserat,
613 1711 713 1777 repetit
734 1708 854 1774 ltaliam,

56 1786 222 1850 tempestate
239 1780 269 1832 in
282 1780 402 1831 traiectu
414 1780 458 1830 bis
472 1781 658 1846 conflictatus,
677 1785 767 1851 primo
782 1785 855 1836 inter

55 1855 253 1925 promontoria
262 1853 448 1921 Peloponnesi
457 1860 540 1923 atque
550 1856 684 1920 Aetoliae,
695 1872 790 1909 rursus
802 1859 853 1909 cir-

56 1935 211 1983 eumentes
221 1929 385 1992 Ceraunios,
395 1928 544 1997 utrobique
552 1936 631 1996 parte
641 1929 853 1984 Liburnicarum

57 2005 198 2065 demerem
218 2003 353 2071 simulque
364 2003 436 2066 eius,
450 2003 480 2053 in
491 2018 547 2071 qua
555 2003 718 2069 vehebatur,
728 2005 798 2056 fusis
809 2021 852 2059 ar·

56 2079 205 2144 munientis
227 2083 256 2129 et
274 2077 460 2144 gubernaculo
480 2077 619 2130 diffracto.
658 2077 716 2130 Nec
735 2079 853 2147 amplius

56 2169 140 2223 qnam
150 2157 256 2221 septem
266 2159 294 2203 et
302 2152 401 2219 viginti
411 2151 479 2217 dies,
489 2153 577 2205 donec
587 2151 725 2205 desideria
735 2155 853 2208 militum

56 2229 266 2290 ordinarentur,
280 2225 423 2278 Brundisii
437 2234 635 2292 commoratus,
651 2228 732 2282 Asiae
742 2227 853 2298 Syriae·

54 2319 108 2372 que
127 2301 250 2354 citerdtu
265 2300 419 2368 Aegyptum
438 2303 521 2369 petit;
549 2303 717 2371 obsessaque
735 2305 852 2357 Alexan-

54 2378 117 2430 dria
123 2415 130 2442 ‚
143 2391 200 2446 quo
211 2375 347 2427 Antonius
357 2391 419 2426 eum
430 2375 578 2444 Cleopatra
589 2377 761 2446 confligeret,
776 2379 854 2432 brevi
873 2385 880 2394 '

52 2454 161 2522 potitus
175 2456 227 2503 est.
266 2449 303 2500 Et
317 2449 465 2501 Antonium
480 2450 604 2526 quidem,
625 2467 700 2507 seras
716 2455 852 2518 eonditip.

51 2539 99 2580 nes
120 2526 201 2597 pacis
220 2531 383 2592 tentantem,
408 2524 444 2579 ad
462 2531 579 2582 mortem
599 2531 704 2602 adegit,
727 2537 852 2604 viditque

51 2610 206 2658 nortunmz
222 2601 395 2671 Cleopatrae,
406 2615 489 2672 quam
498 2610 635 2660 servatam
643 2609 784 2680 triumpho
794 2625 851 2664 ma-
