1964 2962
155 138 227 194 tit'
432 142 464 220 03¹
483 139 670 190 suarem}
693 154 698 160 ·

155 263 254 318 morbo
265 259 383 314 afflictus
393 260 450 314 diu.
491 261 614 324 Quorum
625 262 747 314 omnium
759 275 828 316 mox
837 277 955 327 mensor,
972 255 973 320 Ῐ

156 342 276 389 statuam
289 337 317 388 ci
328 350 439 388 aureum
452 335 482 387 iu
492 333 602 387 Palatio
610 336 723 404 posuit,
744 341 772 388 et
786 336 910 388 alteram
924 351 957 388 ex
972 333 973 342 ’

157 411 240 462 ebore
263 414 428 478 equestrem,
453 423 523 476 quae
548 410 664 461 circensi
685 423 789 477 pompa
813 405 973 480 hodieque

157 483 319 552 praefertur,
331 482 477 546 dedicarit,
488 488 704 552 prosecutusque
714 489 765 536 est.

212 557 260 608 111.
279 557 310 608 lu
319 571 405 625 puero
417 557 510 608 statim
521 558 646 625 corporis
661 557 800 624 animique
815 557 903 612 dotes
914 575 957 612 ex·
972 561 973 598 t

157 631 364 699 splenduerunt,
382 629 525 699 magisque
535 631 806 703 armagisdeinceps
816 647 870 698 per
882 640 955 685 ueto·
972 659 973 726 q

156 707 194 758 tis
204 705 320 772 gradusr
338 703 430 756 tomus
439 705 561 770 egregia,
573 710 601 756 et
611 705 657 756 oui
665 720 723 758 neu
730 704 821 756 minus
833 708 955 759 auctori·

157 779 224 831 tatis
234 779 343 842 inesset,
355 791 436 845 quem
446 779 565 846 gratiam
576 779 752 846 praecipuum
761 777 859 843 robur,
871 795 957 847 quau-

160 867 242 921 quem
255 865 343 919 nequo
357 866 474 922 procera
488 857 609 916 statura,
628 857 656 904 et
669 857 763 904 uontm
777 852 878 918 paullo
895 870 957 922 pro·

157 926 286 988 iectiore3
315 925 447 978 memorie
466 925 626 992 singularis,
652 925 781 978 docilitas
802 925 840 978 ad
858 943 958 980 omues

159 998 217 1053 iere
230 1005 288 1052 tum
301 999 369 1051 belli
381 1004 439 1051 tum
452 1000 530 1066 pacis
545 1005 627 1052 artes.
664 999 810 1052 Armorum
830 1006 859 1052 et
880 1004 958 1070 equi·

76 1126 78 1132 ,
159 1074 238 1129 tandi
247 1074 441 1141 peritissimus:
461 1071 561 1124 Latine
572 1071 730 1142 Graeceque
743 1074 787 1126 vol
800 1074 831 1126 iu
847 1077 955 1128 orando

160 1147 205 1199 vel
213 1148 243 1198 in
253 1147 386 1214 tingendis
396 1141 572 1215 poematibus·
580 1153 723 1216 promptus
733 1153 761 1200 et
774 1146 883 1213 facilis,
908 1148 955 1216 [ad

161 1221 426 1290 extemporalitatem
443 1221 558 1290 usqueJ=
582 1221 682 1273 sedne
701 1222 824 1276 mimicae
844 1223 954 1290 quidem

160 1294 251 1359 mdia,
270 1300 303 1346 ut
315 1295 362 1362 qui
379 1300 502 1346 cantaret
516 1301 543 1347 et
557 1295 688 1362 psalleret
695 1295 814 1348 iucunde
824 1297 953 1350 scienter·
972 1309 973 1312 ’

161 1383 223 1435 que.
260 1366 284 1418 E
304 1369 429 1436 pluribus
449 1370 583 1436 comperi,
605 1371 681 1424 uotis
700 1385 809 1438 quoque
828 1371 953 1438 excipere

160 1441 333 1495 velocissime
343 1443 468 1507 solitum,
490 1459 551 1494 cum
563 1445 776 1502 amanuensibus
785 1444 844 1496 suis
854 1460 905 1512 per
914 1445 952 1496 lu·
972 1491 973 1494 ,

162 1515 226 1568 dum
253 1515 400 1586 iocumque
429 1522 590 1579 certantem
627 1517 732 1571 imitari
760 1515 953 1586 chirographa,

162 1604 340 1657 quaecunque
349 1589 477 1654 vidisset,
490 1604 526 1644 ao
535 1591 659 1658 profiteri
668 1607 763 1660 saepe,
773 1607 802 1644 sc
811 1592 954 1648 murium
972 1627 973 1630 =

155 1661 302 1736 falsarium
310 1679 365 1715 esce
370 1662 495 1730 potuisse
671 1664 689 1700 *t
762 1711 765 1716 ,
787 1725 790 1730 ¹

217 1735 265 1789 lV.
285 1737 423 1790 Tribunus
438 1737 555 1790 militum
570 1743 598 1790 ot
610 1739 640 1790 in
651 1736 800 1790 Germania
813 1745 842 1791 et
856 1740 886 1792 iu
895 1741 954 1793 Bri·

161 1811 258 1864 tannia
267 1813 379 1877 uremit,
400 1826 506 1862 summo
520 1811 672 1864 industriae
686 1827 738 1865 uec
747 1813 854 1867 minore
863 1816 955 1868 mode·
972 1805 973 1814 ¹

162 1887 233 1940 stiae
252 1885 341 1949 fama;
371 1886 443 1938 sicut
463 1892 578 1953 apparet
596 1892 750 1938 statuarum
764 1893 792 1940 ct
804 1889 954 1956 imaginum
972 1919 973 1942 ;

163 1961 223 2013 eius
233 1959 407 2012 multitudine
418 1975 452 2012 ac
460 1959 549 2012 titulis
564 1975 613 2028 per
621 1966 766 2030 utramque
775 1963 953 2030 provinciam.

162 2034 231 2087 Post
245 2035 383 2102 stipendia
395 2033 459 2087 foro
475 2049 586 2103 operam
601 2034 689 2100 dedit,
709 2032 853 2088 honestam
867 2038 952 2105 nragis

164 2124 246 2176 quam
257 2109 404 2162 assiduam.
428 2108 587 2176 Eodemque
596 2115 719 2176 tempore
729 2110 880 2171 Aricidiam
889 2112 951 2164 Ter·
972 2171 973 2188 χ

162 2183 274 2247 uillam,
294 2189 372 2251 patre
386 2183 477 2252 equite
490 2183 631 2248 Romano,
650 2183 699 2236 sed
713 2184 853 2250 praesecto
870 2201 952 2255 quon·
972 2189 973 2192 ’

119 2276 122 2280 ·
164 2255 227 2308 dam
246 2258 483 2323 praetorianarum
498 2255 665 2322 cohortium,
686 2257 766 2310 duxit
778 2275 904 2312 morem:
928 2265 952 2311 et
972 2281 973 2284 ¹

161 2330 193 2380 in
213 2329 358 2383 deiunctae
377 2332 469 2384 locum
481 2331 617 2384 Murciam
631 2331 953 2402 Fumillam,-splendidi

162 2403 285 2468 genesim
302 2401 367 2456 'cum
378 2420 440 2472 qua,
452 2404 563 2456 sublata
572 2406 640 2470 tilia,
652 2406 801 2460 divortium
811 2407 884 2460 iecit.
912 2409 953 2459 Ex

164 2479 329 2546 quaesturae
340 2476 437 2529 deinde
447 2475 553 2529 honore
562 2479 667 2545 legioni
676 2481 865 2547 praepositus,
875 2483 952 2532 Tari-

164 2543 245 2595 cheas
260 2552 287 2597 et
302 2546 460 2614 Gamalam,
478 2548 560 2603 ories
574 2550 692 2604 iudaeae
707 2554 904 2620 validissimus,
922 2557 951 2606 in

162 2622 326 2699 potestatem
341 2622 460 2689 redegit5
484 2637 555 2692 equo
572 2625 691 2692 quadam
705 2627 764 2707 acie
778 2630 830 2682 sub
848 2629 949 2684 femini·
