1964 2970
147 127 180 178 ⁷8
421 128 448 195 c,
475 125 662 174 suaronn

147 251 239 302 tiones
255 255 302 299 aut
315 247 501 315 gladiatorum
519 261 624 313 pugnas
643 247 814 298 severissime
833 259 940 313 sempor

104 359 107 364 ·
148 325 247 390 exegit.
276 321 347 372 Nam
358 321 520 373 histrionum
531 320 669 370 licentiam
681 320 750 372 adeo
762 322 938 387 compescuit,

147 403 179 448 nt
189 395 402 464 Stephanionem
411 394 591 461 rogatoriam,
613 394 658 444 ciri
670 394 700 444 in
713 395 844 460 puerilem
859 392 937 446 habi-

146 477 205 522 tum
220 472 431 522 circumtonsam
443 473 598 518 matronam
612 467 782 520 ministrasse
800 482 938 534 comperc-

146 550 201 608 rat‚
211 545 343 612 pertriua
352 541 461 594 theatra
469 541 555 606 virgis
567 555 676 590 caesum
687 540 862 608 relegaverit3
876 541 939 608 Hy-

147 617 194 669 lan
203 618 413 685 pantomimum,
424 619 552 680 querente
563 619 702 679 praetore,
716 615 745 665 in
756 617 827 666 atrio
839 614 939 666 domus

147 706 226 754 snae,
241 691 347 741 nemine
358 687 492 750 excluso,
503 686 620 752 flagellis
635 688 797 751 verberarit3
817 686 938 754 ethla-

148 765 276 816 denUrbe
288 761 456 829 atqueltalia
465 760 651 824 summoverit,
658 761 732 828 qnod
742 768 937 828 spectatorem,

147 851 233 903 aquo
253 833 465 898 exsibilabatnr,
484 834 699 886 demonstrasset
718 835 806 901 digito
821 837 938 903 ,conspi-

146 905 409 975 cuumquefecissef.
445 907 447 912 '

201 982 300 1035 XLVI.
320 982 361 1034 Ad
375 980 447 1033 bunc
460 979 572 1032 modum
585 980 659 1031 Urbe
672 981 838 1046 urbanisque
852 983 939 1036 rebus

146 1058 357 1120 administratis,
368 1056 478 1108 ltaliam
489 1055 693 1121 duodetriginta
704 1054 875 1106 coloniarum
885 1071 938 1109 nu-

146 1147 221 1184 mero
233 1131 410 1183 deductarum
421 1130 456 1180 ab
467 1145 496 1180 se
505 1127 696 1194 frequentavit,
709 1128 891 1195 operibusque
903 1145 941 1182 ae

121 1241 125 1252 κ
145 1206 326 1273 vectigalibus
349 1204 468 1272 publicis
487 1201 659 1270 plurifariam
678 1202 821 1254 insnnxit:
852 1203 940 1256 etiam

144 1281 205 1333 iure
219 1295 253 1331 ac
268 1280 427 1348 dignatione
436 1277 506 1329 Urbi
515 1276 717 1344 quodammodo
732 1291 783 1344 pro
798 1281 875 1343 parte
886 1279 943 1330 ali

146 1369 202 1420 qna
226 1354 403 1421 adaequavit,
429 1351 585 1418 excogitato
610 1365 708 1417 genere
732 1349 942 1418 suffragiorum,

147 1427 216 1493 quae
228 1427 261 1478 de
271 1427 477 1494 magistratibus
487 1425 591 1476 urbicis
606 1425 766 1478 decuriones
778 1425 900 1476 colonici
910 1427 944 1480 in

54 1499 59 1506 '
146 1515 197 1552 sua
207 1501 268 1565 quis
333 1500 444 1552 colonia
453 1499 567 1561 ferrent,
580 1504 607 1549 et
617 1499 667 1549 sub
679 1499 749 1551 diem
762 1499 944 1554 comitiorum

147 1574 275 1639 obsignat
332 1588 421 1624 omnm
436 1573 584 1622 mitterent.
621 1572 660 1622 Ac
674 1573 773 1624 necubi
786 1578 834 1624 aut
852 1570 942 1628 hone-

146 1653 251 1699 storum
276 1647 403 1697 deiiceret
426 1645 508 1710 copia
532 1649 580 1694 aut
602 1645 785 1698 multitudinis
815 1647 940 1715 suboles,

147 1725 298 1788 equestrem
308 1720 435 1770 militiam
445 1717 567 1784 petentes
576 1719 659 1770 etiam
675 1735 708 1772 ex
723 1720 941 1774 commendatio-

146 1810 180 1846 ne
194 1794 304 1861 pnblica
319 1793 450 1858 adusque
465 1790 561 1858 oppidi
574 1792 733 1845 ordinabat:
758 1800 787 1845 at
799 1795 847 1858 iis,
863 1797 943 1860 quie

147 1869 225 1936 plebe
239 1867 365 1935 regiones
379 1866 434 1922 sibi
448 1867 578 1917 reuisenti
591 1866 664 1918 lilios
679 1868 785 1920 filiasve
800 1871 942 1934 approba-

146 1947 214 2006 rent,
221 1942 505 2008 singulanrnnmonrm
509 1940 651 2008 milliapro
660 1942 776 2008 singulis
786 1941 943 1998 dividebat.

105 2063 110 2072 ,
202 2015 313 2068 XLVII.
337 2014 498 2072 Provincias
517 2014 678 2078 validiores,
704 2022 731 2066 et
751 2029 819 2082 quas
839 2021 944 2071 annuis

148 2091 357 2156 magistratuum
367 2089 490 2156 imperiis
500 2088 562 2154 regi
569 2103 619 2138 nee
629 2086 711 2140 facile
720 2095 945 2159 nectutnmcrat,

148 2165 208 2230 ipse
223 2164 355 2230 srrscepit:
377 2169 480 2213 ceteras
499 2162 710 2228 proconsulibus
725 2164 823 2214 sortito
838 2168 945 2230 permi.

149 2231 198 2297 sit3
209 2242 337 2288 ettamen
346 2234 493 2288 nonnullas
504 2237 840 2298 commutavitinterdun13
857 2243 947 2306 atque

150 2323 184 2360 ex
193 2314 310 2376 utroque
320 2325 417 2376 genere
431 2308 576 2374 plerasque
586 2311 695 2377 saepius
707 2311 784 2361 adiit.
823 2311 949 2365 Urbium

149 2382 281 2449 quasdam
292 2381 460 2444 foederatos,
481 2380 529 2432 sed
541 2381 575 2431 ad
587 2384 701 2434 exitium
711 2384 823 2436 lieentia
832 2389 947 2451 praeci-

147 2457 236 2523 pites,
244 2455 370 2507 libertate
380 2455 510 2522 privavit:
531 2453 614 2520 alias,
626 2463 675 2508 aut
685 2473 747 2510 aere
758 2458 849 2509 alieno
861 2459 947 2512 labo·

148 2536 241 2581 rantes
250 2529 359 2592 levavit,
371 2535 419 2579 aut
428 2533 518 2580 terrae
529 2535 607 2580 motu
617 2533 765 2583 subversas
772 2531 863 2583 denno
877 2549 947 2586 con-

150 2603 230 2669 didit,
241 2609 289 2657 ant
297 2603 395 2656 nrerlta
405 2617 470 2670 erga
482 2602 615 2672 populum
624 2604 777 2657 Romanum
789 2605 950 2675 allegantes
