1964 2970
164 96 301 143 IULIUS
328 93 481 142 CAESAR.
518 94 730 140 came-3³.
810 91 843 142 17

50 224 114 273 bens
125 220 160 275 de
171 217 278 277 Qffieiis
288 215 370 266 tertio
380 213 467 278 libro,
483 229 590 281 semper
600 201 745 267 Gaesarem
753 215 783 266 in
794 229 842 267 ore

48 295 181 346 habuisse
190 289 332 356 Euripidis
342 304 445 353 versus,
458 303 528 355 quos
538 288 579 338 sie
587 289 647 354 ipse
658 289 804 343 convertite

122 364 197 419 Nam
206 364 232 415 η’
239 363 387 414 uiolandum
398 371 437 413 est
444 361 494 423 iris,
505 361 638 430 regnandi
645 362 739 431 gretia

127 437 285 490 Violtndnm
295 444 347 488 ert:
366 435 426 487 aba
435 435 511 487 re'dm
516 435 644 503 pietatem
655 438 732 488 colas.

100 511 206 566 XXXI.
227 511 318 572 Quum
325 511 398 577 'erge
414 509 551 561 sublatam
569 511 743 560 tribunorum
757 509 840 566 inter·
865 512 872 525 ”

47 589 216 650 cessionem,
237 585 368 652 ipsosque
382 584 455 635 Urbe
475 584 590 635 cessisse
609 584 769 636 nunciatum
789 589 839 649 est,

44 661 209 731 praemissis
220 657 362 709 confestim
374 657 444 708 clam
455 656 628 722 cohortibus,
643 674 677 710 ue
688 673 743 725 qua
753 659 841 726 suspi-

46 737 91 788 cio
101 738 273 796 moveretur,
294 738 321 783 et
335 731 492 799 spectaculo
503 732 615 799 publico
626 748 675 800 per
686 729 840 792 dissimula·
890 757 892 764 ·

45 812 153 862 tionem
163 806 298 869 interfuit,
303 811 331 857 et
339 804 466 869 formam,
476 821 531 873 qua
540 805 633 858 ludum
643 807 841 874 gladiatorium

12 939 13 954 i
47 889 109 936 erat
119 881 329 944 aedificaturus,
346 877 543 944 consideravit,
559 885 587 930 et
600 895 633 932 ex
644 878 842 934 consuetudine

47 956 178 1010 convivio
194 971 223 1005 se
237 953 375 1020 frequenti
393 953 477 1004 dedit.
515 953 621 1006 Deinde
640 961 705 1023 post
717 955 786 1008 solis
797 969 842 1006 oc-

48 1047 157 1094 casum,
179 1027 262 1078 mulis
276 1044 292 1078 e
305 1028 433 1094 proximo
444 1029 561 1094 pistrino
573 1029 608 1079 ad
617 1028 772 1082 vehiculum
783 1029 842 1079 iun·

49 1107 115 1169 ctis,
131 1103 350 1156 occultissimum
364 1103 418 1152 iter
431 1099 540 1171 modico
557 1103 691 1154 comitatu
704 1103 843 1168 ingressus

12 1209 13 1214 =
49 1186 104 1232 est:
125 1183 262 1244 etquum,
277 1175 426 1227 luminibus
440 1175 596 1240 exstinctis,
617 1175 779 1228 decessisset
787 1176 843 1239 via,

51 1253 100 1304 diu
109 1250 292 1312 errabundus,
302 1249 413 1300 tandem
425 1249 570 1312 adlatam,
582 1250 651 1316 duce
661 1253 783 1316 reperto,
794 1261 844 1317 per

52 1325 266 1392 angustissimos
279 1323 409 1374 tramites
417 1308 533 1390 pedibIrs
548 1323 648 1384 evasit3
661 1315 843 1375 *consecutus-

53 1415 105 1467 que
115 1397 247 1450 cohortes
261 1397 297 1446 ad
308 1396 475 1448 Rubiconem
490 1397 602 1461 flumen,
625 1397 672 1464 qui
685 1397 844 1464 provinciae

52 1474 112 1525 eius
123 1474 266 1535 liaberet,
278 1469 400 1538 paullum
411 1472 546 1534 constitit3
567 1487 600 1524 ac
609 1479 747 1540 reputans,
759 1487 844 1540 quan·

51 1553 110 1598 turn
120 1546 279 1608 moliretur,
292 1561 439 1596 conversus
450 1545 484 1596 ad
495 1547 648 1613 proximos,
655 1545 755 1598 Etiam
765 1561 843 1608 nene,

51 1621 156 1688 inquit,
176 1619 285 1688 regredi
290 1635 440 1686 potrumtn:
460 1619 552 1686 qsodrr'
559 1620 723 1688 ponticulum
734 1619 844 1673 naurie-

12 1723 14 1740 =
51 1696 143 1756 risam,
156 1694 244 1744 omnio
254 1693 335 1744 armis
345 1693 449 1762 agenda
459 1705 544 1746 erunt.
870 1721 875 1730 ι

106 1767 226 1820 xxxii.
238 1767 385 1819 Cunctanti
395 1773 531 1818 ostentum
540 1768 596 1820 tale
605 1767 764 1820 iacmmest.
777 1767 843 1830 our-
866 1799 873 1812 ‚

51 1843 116 1893 dam
127 1843 230 1893 eximit
239 1841 427 1908 magnitudine
438 1848 465 1893 et
473 1841 571 1905 forma,
576 1843 606 1894 in
616 1842 845 1910 proximosedens

51 1922 164 1985 repente
176 1916 313 1982 appanrit,
325 1915 458 1966 amudIne
468 1931 580 1968 canens:
596 1917 631 1968 ad
642 1931 722 1984 quem
733 1916 844 1968 audIen·

51 1991 117 2041 dum
127 2005 213 2057 quum
223 1995 332 2056 praeter
341 1997 467 2055 pastores
481 1989 593 2056 plurimi
606 1992 690 2042 etiam
700 2005 735 2042 ex
745 1986 841 2060 statio-

50 2065 132 2116 nibus
143 2063 246 2114 milites
257 2063 470 2128 concurrissent,
485 2064 608 2132 interqne
619 2080 667 2116 eos
678 2069 705 2116 et
715 2069 842 2115 aeneato-

51 2153 105 2202 τοι,
115 2145 198 2205 rapta
209 2138 244 2187 ab
254 2151 310 2188 nno
320 2137 388 2188 tuba
398 2138 528 2203 prosiluit
538 2139 573 2188 ad
583 2138 691 2203 flumen,
701 2144 729 2190 et
737 2138 844 2205 ingenti

53 2213 154 2279 spiritu
168 2211 315 2262 classicum
330 2225 465 2275 exorsus,
477 2212 614 2279 pertendit
627 2212 663 2263 ad
678 2212 792 2264 alteram
806 2213 843 2265 ri-

52 2301 125 2352 pam.
144 2285 341 2348 TuneCaesar,
352 2283 451 2347 Estne,
461 2285 615 2354 inquitpno
625 2286 731 2338 deorum
741 2293 844 2338 ostenta

53 2358 256 2410 etiaimieerum
265 2357 486 2425 nuquitarcoect.
525 2357 746 2412 Jactacteaerro.

108 2433 238 2486 XXXIII.
258 2434 346 2500 Atque
359 2433 401 2484 ita
419 2433 536 2484 traiecto
557 2434 691 2499 exercitu,
712 2431 844 2485 adhibitis

53 2506 172 2558 tribunis
191 2506 296 2575 plebis,
317 2507 366 2574 qul
383 2506 457 2573 pulsi
471 2513 693 2573 supervenerant,
713 2520 764 2574 pro
781 2518 844 2555 con-

58 2580 134 2633 cione
144 2579 228 2633 Iidem
238 2579 440 2645 militnm,llens
450 2585 566 2632 aereste
576 2595 594 2630 a
603 2577 845 2647 pectorediwim,

91 2671 237 2722 Senon.
621 2670 642 2715 Β
