<?xml version="1.0" encoding="UTF-8"?>
<!DOCTYPE html PUBLIC "-//W3C//DTD XHTML 1.0 Transitional//EN"
    "http://www.w3.org/TR/xhtml1/DTD/xhtml1-transitional.dtd">
<html xmlns="http://www.w3.org/1999/xhtml" xml:lang="en" lang="en">
 <head>
  <title>
</title>
<meta http-equiv="Content-Type" content="text/html;charset=utf-8" />
  <meta name='ocr-system' content='tesseract 3.04.00' />
  <meta name='ocr-capabilities' content='ocr_page ocr_carea ocr_par ocr_line ocrx_word'/>
</head>
<body>
  <div class='ocr_page' id='page_1' title='image "./csuetoniitranqu00weisgoog_0153.png"; bbox 0 0 1986 2960; ppageno 0'>
   <div class='ocr_carea' id='block_1_1' title="bbox 250 128 934 180">
    <p class='ocr_par' dir='ltr' id='par_1_1' title="bbox 250 128 934 180">
     <span class='ocr_line' id='line_1_1' title="bbox 250 128 934 180; baseline 0.006 -3"><span class='ocrx_word' id='word_1_1' title='bbox 250 129 437 178; x_wconf 81' lang='lat' dir='ltr'>TIBERIUS.</span> <span class='ocrx_word' id='word_1_2' title='bbox 473 128 551 175; x_wconf 76' lang='lat' dir='ltr'><strong>CAP.</strong></span> <span class='ocrx_word' id='word_1_3' title='bbox 569 131 687 176; x_wconf 75' lang='lat'><strong>48-51.</strong></span> <span class='ocrx_word' id='word_1_4' title='bbox 813 128 864 180; x_wconf 75' lang='lat' dir='ltr'>til</span> <span class='ocrx_word' id='word_1_5' title='bbox 930 151 934 160; x_wconf 82' lang='grc'><strong>’</strong></span> 
     </span>
    </p>
   </div>
   <div class='ocr_carea' id='block_1_2' title="bbox 6 249 911 2250">
    <p class='ocr_par' dir='ltr' id='par_1_2' title="bbox 6 249 911 1878">
     <span class='ocr_line' id='line_1_2' title="bbox 39 249 863 322; baseline 0 -14"><span class='ocrx_word' id='word_1_6' title='bbox 39 265 44 276; x_wconf 76' lang='grc'><em>“</em></span> <span class='ocrx_word' id='word_1_7' title='bbox 67 253 103 308; x_wconf 89' lang='lat' dir='ltr'>de</span> <span class='ocrx_word' id='word_1_8' title='bbox 115 249 239 320; x_wconf 84' lang='lat' dir='ltr'>cogendo</span> <span class='ocrx_word' id='word_1_9' title='bbox 251 252 286 304; x_wconf 86' lang='lat' dir='ltr'>ad</span> <span class='ocrx_word' id='word_1_10' title='bbox 296 252 492 304; x_wconf 78' lang='lat' dir='ltr'>uestituendam</span> <span class='ocrx_word' id='word_1_11' title='bbox 503 251 657 306; x_wconf 86' lang='lat' dir='ltr'>libertatem</span> <span class='ocrx_word' id='word_1_12' title='bbox 666 252 788 320; x_wconf 82' lang='lat' dir='ltr'>Augusto</span> <span class='ocrx_word' id='word_1_13' title='bbox 802 269 863 322; x_wconf 85' lang='lat' dir='ltr'>ege·</span> 
     </span>
     <span class='ocr_line' id='line_1_3' title="bbox 36 325 862 394; baseline 0 -13"><span class='ocrx_word' id='word_1_14' title='bbox 36 343 38 348; x_wconf 86' lang='grc'><em>·</em></span> <span class='ocrx_word' id='word_1_15' title='bbox 64 329 129 392; x_wconf 86' lang='grc' dir='ltr'>ιιιιι;</span> <span class='ocrx_word' id='word_1_16' title='bbox 151 327 460 394; x_wconf 85' lang='lat' dir='ltr'>deindeetinreliqnis.</span> <span class='ocrx_word' id='word_1_17' title='bbox 497 325 586 378; x_wconf 86' lang='lat' dir='ltr'>iuliae</span> <span class='ocrx_word' id='word_1_18' title='bbox 599 327 801 379; x_wconf 74' lang='lat' dir='ltr'>proritantem</span> <span class='ocrx_word' id='word_1_19' title='bbox 816 331 862 381; x_wconf 85' lang='lat' dir='ltr'>ab·</span> 
     </span>
     <span class='ocr_line' id='line_1_4' title="bbox 64 400 861 470; baseline -0.003 -14"><span class='ocrx_word' id='word_1_20' title='bbox 64 403 133 466; x_wconf 81' lang='lat' dir='ltr'>fuit,</span> <span class='ocrx_word' id='word_1_21' title='bbox 145 408 176 453; x_wconf 91' lang='lat' dir='ltr'>ut</span> <span class='ocrx_word' id='word_1_22' title='bbox 186 402 337 470; x_wconf 82' lang='lat' dir='ltr'>relegatae,</span> <span class='ocrx_word' id='word_1_23' title='bbox 350 402 424 468; x_wconf 88' lang='lat' dir='ltr'>quod</span> <span class='ocrx_word' id='word_1_24' title='bbox 435 400 576 452; x_wconf 88' lang='lat' dir='ltr'>minimum</span> <span class='ocrx_word' id='word_1_25' title='bbox 586 407 642 466; x_wconf 86' lang='lat' dir='ltr'>est,</span> <span class='ocrx_word' id='word_1_26' title='bbox 656 401 742 452; x_wconf 82' lang='lat' dir='ltr'>officii</span> <span class='ocrx_word' id='word_1_27' title='bbox 756 408 804 452; x_wconf 83' lang='lat' dir='ltr'>aut</span> <span class='ocrx_word' id='word_1_28' title='bbox 813 401 861 455; x_wconf 88' lang='lat' dir='ltr'>hu-</span> 
     </span>
     <span class='ocr_line' id='line_1_5' title="bbox 63 475 911 543; baseline -0.002 -12"><span class='ocrx_word' id='word_1_29' title='bbox 63 478 210 531; x_wconf 88' lang='lat' dir='ltr'>manitatis</span> <span class='ocrx_word' id='word_1_30' title='bbox 221 476 327 543; x_wconf 85' lang='lat' dir='ltr'>aliquid</span> <span class='ocrx_word' id='word_1_31' title='bbox 336 477 501 542; x_wconf 88' lang='lat' dir='ltr'>impertiret,</span> <span class='ocrx_word' id='word_1_32' title='bbox 521 481 553 525; x_wconf 89' lang='lat' dir='ltr'>ut</span> <span class='ocrx_word' id='word_1_33' title='bbox 563 488 596 526; x_wconf 84' lang='lat' dir='ltr'>ex</span> <span class='ocrx_word' id='word_1_34' title='bbox 607 475 804 528; x_wconf 84' lang='lat' dir='ltr'>constitutione</span> <span class='ocrx_word' id='word_1_35' title='bbox 813 492 862 543; x_wconf 71' lang='lat' dir='ltr'>pa·</span> <span class='ocrx_word' id='word_1_36' title='bbox 906 486 911 494; x_wconf 90' lang='grc'><em>·</em></span> 
     </span>
     <span class='ocr_line' id='line_1_6' title="bbox 62 549 862 620; baseline -0.003 -15"><span class='ocrx_word' id='word_1_37' title='bbox 62 554 116 605; x_wconf 86' lang='lat' dir='ltr'>tris</span> <span class='ocrx_word' id='word_1_38' title='bbox 136 565 192 620; x_wconf 86' lang='lat' dir='ltr'>uno</span> <span class='ocrx_word' id='word_1_39' title='bbox 214 551 317 618; x_wconf 89' lang='lat' dir='ltr'>oppido</span> <span class='ocrx_word' id='word_1_40' title='bbox 339 549 473 614; x_wconf 85' lang='lat' dir='ltr'>clausam,</span> <span class='ocrx_word' id='word_1_41' title='bbox 494 549 576 600; x_wconf 89' lang='lat' dir='ltr'>domo</span> <span class='ocrx_word' id='word_1_42' title='bbox 598 563 706 616; x_wconf 86' lang='lat' dir='ltr'>quoque</span> <span class='ocrx_word' id='word_1_43' title='bbox 726 551 821 618; x_wconf 82' lang='lat' dir='ltr'>egredi</span> <span class='ocrx_word' id='word_1_44' title='bbox 834 557 862 604; x_wconf 90' lang='lat' dir='ltr'>et</span> 
     </span>
     <span class='ocr_line' id='line_1_7' title="bbox 64 623 859 690; baseline -0.004 -10"><span class='ocrx_word' id='word_1_45' title='bbox 64 626 231 680; x_wconf 84' lang='lat' dir='ltr'>commercio</span> <span class='ocrx_word' id='word_1_46' title='bbox 252 624 392 676; x_wconf 90' lang='lat' dir='ltr'>hominum</span> <span class='ocrx_word' id='word_1_47' title='bbox 412 623 469 674; x_wconf 84' lang='lat' dir='ltr'>frui</span> <span class='ocrx_word' id='word_1_48' title='bbox 487 624 616 675; x_wconf 87' lang='lat' dir='ltr'>vetuerit:</span> <span class='ocrx_word' id='word_1_49' title='bbox 642 623 690 676; x_wconf 88' lang='lat' dir='ltr'>sed</span> <span class='ocrx_word' id='word_1_50' title='bbox 709 629 737 676; x_wconf 90' lang='lat' dir='ltr'>et</span> <span class='ocrx_word' id='word_1_51' title='bbox 749 625 859 690; x_wconf 82' lang='lat' dir='ltr'>peurlio</span> 
     </span>
     <span class='ocr_line' id='line_1_8' title="bbox 64 698 861 766; baseline -0.001 -13"><span class='ocrx_word' id='word_1_52' title='bbox 64 715 198 754; x_wconf 86' lang='lat' dir='ltr'>concesso</span> <span class='ocrx_word' id='word_1_53' title='bbox 211 704 327 766; x_wconf 78' lang='lat' dir='ltr'>epatre,</span> <span class='ocrx_word' id='word_1_54' title='bbox 342 699 529 766; x_wconf 80' lang='lat' dir='ltr'>praebitisque</span> <span class='ocrx_word' id='word_1_55' title='bbox 540 698 638 748; x_wconf 83' lang='lat' dir='ltr'>annuis</span> <span class='ocrx_word' id='word_1_56' title='bbox 648 698 799 763; x_wconf 79' lang='lat' dir='ltr'>fraudavit,</span> <span class='ocrx_word' id='word_1_57' title='bbox 810 715 861 766; x_wconf 88' lang='lat' dir='ltr'>per</span> 
     </span>
     <span class='ocr_line' id='line_1_9' title="bbox 63 770 871 843; baseline -0.004 -15"><span class='ocrx_word' id='word_1_58' title='bbox 63 776 184 843; x_wconf 88' lang='lat' dir='ltr'>speeiem</span> <span class='ocrx_word' id='word_1_59' title='bbox 194 774 299 842; x_wconf 84' lang='lat' dir='ltr'>publici</span> <span class='ocrx_word' id='word_1_60' title='bbox 308 773 390 836; x_wconf 90' lang='lat' dir='ltr'>iuris,</span> <span class='ocrx_word' id='word_1_61' title='bbox 406 773 481 840; x_wconf 90' lang='lat' dir='ltr'>quod</span> <span class='ocrx_word' id='word_1_62' title='bbox 490 771 560 824; x_wconf 85' lang='lat' dir='ltr'>nihil</span> <span class='ocrx_word' id='word_1_63' title='bbox 575 773 608 824; x_wconf 89' lang='lat' dir='ltr'>de</span> <span class='ocrx_word' id='word_1_64' title='bbox 619 771 661 824; x_wconf 87' lang='lat' dir='ltr'>bis</span> <span class='ocrx_word' id='word_1_65' title='bbox 672 770 810 841; x_wconf 78' lang='lat' dir='ltr'>Augustus</span> <span class='ocrx_word' id='word_1_66' title='bbox 819 781 859 826; x_wconf 89' lang='lat' dir='ltr'>te·</span> <span class='ocrx_word' id='word_1_67' title='bbox 867 819 871 825; x_wconf 94' lang='lat'>.</span> 
     </span>
     <span class='ocr_line' id='line_1_10' title="bbox 63 846 861 932; baseline 0 -31"><span class='ocrx_word' id='word_1_68' title='bbox 63 855 200 902; x_wconf 86' lang='lat' dir='ltr'>stamento</span> <span class='ocrx_word' id='word_1_69' title='bbox 213 848 339 900; x_wconf 78' lang='lat' dir='ltr'>cavisset.</span> <span class='ocrx_word' id='word_1_70' title='bbox 377 847 496 899; x_wconf 85' lang='lat' dir='ltr'>Matrem</span> <span class='ocrx_word' id='word_1_71' title='bbox 506 846 615 898; x_wconf 86' lang='lat' dir='ltr'>Liviam</span> <span class='ocrx_word' id='word_1_72' title='bbox 626 855 769 932; x_wconf 71' lang='lat' dir='ltr'>gravams,</span> <span class='ocrx_word' id='word_1_73' title='bbox 784 849 861 901; x_wconf 82' lang='lat' dir='ltr'>velut</span> 
     </span>
     <span class='ocr_line' id='line_1_11' title="bbox 62 907 858 992; baseline 0.001 -17"><span class='ocrx_word' id='word_1_74' title='bbox 62 929 158 992; x_wconf 84' lang='lat' dir='ltr'>partes</span> <span class='ocrx_word' id='word_1_75' title='bbox 169 923 224 974; x_wconf 87' lang='lat' dir='ltr'>sibi</span> <span class='ocrx_word' id='word_1_76' title='bbox 234 922 336 988; x_wconf 72' lang='lat' dir='ltr'>aequas</span> <span class='ocrx_word' id='word_1_77' title='bbox 346 923 486 988; x_wconf 87' lang='lat' dir='ltr'>potentiae</span> <span class='ocrx_word' id='word_1_78' title='bbox 495 907 745 987; x_wconf 87' lang='lat' dir='ltr'>vindicantem‚et</span> <span class='ocrx_word' id='word_1_79' title='bbox 733 938 858 992; x_wconf 88' lang='lat' dir='ltr'>congres-</span> 
     </span>
     <span class='ocr_line' id='line_1_12' title="bbox 62 995 859 1063; baseline -0.003 -13"><span class='ocrx_word' id='word_1_80' title='bbox 62 1015 124 1050; x_wconf 90' lang='lat' dir='ltr'>sum</span> <span class='ocrx_word' id='word_1_81' title='bbox 135 999 194 1049; x_wconf 89' lang='lat' dir='ltr'>eius</span> <span class='ocrx_word' id='word_1_82' title='bbox 206 997 346 1048; x_wconf 88' lang='lat' dir='ltr'>assiduum</span> <span class='ocrx_word' id='word_1_83' title='bbox 356 997 466 1061; x_wconf 90' lang='lat' dir='ltr'>vitavit,</span> <span class='ocrx_word' id='word_1_84' title='bbox 487 1002 515 1048; x_wconf 92' lang='lat' dir='ltr'>et</span> <span class='ocrx_word' id='word_1_85' title='bbox 527 995 669 1063; x_wconf 82' lang='lat' dir='ltr'>longiores</span> <span class='ocrx_word' id='word_1_86' title='bbox 685 999 859 1050; x_wconf 88' lang='lat' dir='ltr'>secretiores-</span> 
     </span>
     <span class='ocr_line' id='line_1_13' title="bbox 63 1069 858 1140; baseline -0.001 -17"><span class='ocrx_word' id='word_1_87' title='bbox 63 1087 117 1140; x_wconf 89' lang='lat' dir='ltr'>que</span> <span class='ocrx_word' id='word_1_88' title='bbox 128 1085 280 1135; x_wconf 86' lang='lat' dir='ltr'>sermones,</span> <span class='ocrx_word' id='word_1_89' title='bbox 295 1085 329 1122; x_wconf 89' lang='lat' dir='ltr'>ne</span> <span class='ocrx_word' id='word_1_90' title='bbox 340 1071 399 1122; x_wconf 84' lang='lat' dir='ltr'>eius</span> <span class='ocrx_word' id='word_1_91' title='bbox 411 1069 549 1134; x_wconf 84' lang='lat' dir='ltr'>consiliis,</span> <span class='ocrx_word' id='word_1_92' title='bbox 564 1071 664 1138; x_wconf 87' lang='lat' dir='ltr'>quibus</span> <span class='ocrx_word' id='word_1_93' title='bbox 673 1078 765 1123; x_wconf 87' lang='lat' dir='ltr'>tamen</span> <span class='ocrx_word' id='word_1_94' title='bbox 775 1073 858 1123; x_wconf 86' lang='lat' dir='ltr'>inter-</span> 
     </span>
     <span class='ocr_line' id='line_1_14' title="bbox 62 1145 860 1212; baseline 0 -15"><span class='ocrx_word' id='word_1_95' title='bbox 62 1145 127 1198; x_wconf 91' lang='lat' dir='ltr'>dum</span> <span class='ocrx_word' id='word_1_96' title='bbox 142 1153 170 1197; x_wconf 91' lang='lat' dir='ltr'>et</span> <span class='ocrx_word' id='word_1_97' title='bbox 184 1161 263 1212; x_wconf 89' lang='lat' dir='ltr'>egere</span> <span class='ocrx_word' id='word_1_98' title='bbox 278 1151 305 1196; x_wconf 89' lang='lat' dir='ltr'>et</span> <span class='ocrx_word' id='word_1_99' title='bbox 317 1146 358 1196; x_wconf 84' lang='lat' dir='ltr'>uti</span> <span class='ocrx_word' id='word_1_100' title='bbox 378 1145 498 1209; x_wconf 85' lang='lat' dir='ltr'>solebat,</span> <span class='ocrx_word' id='word_1_101' title='bbox 518 1145 578 1212; x_wconf 90' lang='lat' dir='ltr'>regi</span> <span class='ocrx_word' id='word_1_102' title='bbox 595 1145 742 1196; x_wconf 82' lang='lat' dir='ltr'>videretur.</span> <span class='ocrx_word' id='word_1_103' title='bbox 781 1145 860 1197; x_wconf 78' lang='grc' dir='ltr'>Ἱιιιιι</span> 
     </span>
     <span class='ocr_line' id='line_1_15' title="bbox 62 1219 857 1287; baseline -0.003 -14"><span class='ocrx_word' id='word_1_104' title='bbox 62 1222 147 1274; x_wconf 88' lang='lat' dir='ltr'>etiam</span> <span class='ocrx_word' id='word_1_105' title='bbox 165 1220 335 1287; x_wconf 86' lang='lat' dir='ltr'>perindigne,</span> <span class='ocrx_word' id='word_1_106' title='bbox 358 1223 448 1270; x_wconf 87' lang='lat' dir='ltr'>actum</span> <span class='ocrx_word' id='word_1_107' title='bbox 469 1234 487 1270; x_wconf 85' lang='lat' dir='ltr'>a</span> <span class='ocrx_word' id='word_1_108' title='bbox 507 1224 616 1282; x_wconf 86' lang='lat' dir='ltr'>senatu,</span> <span class='ocrx_word' id='word_1_109' title='bbox 636 1225 668 1270; x_wconf 90' lang='lat' dir='ltr'>ut</span> <span class='ocrx_word' id='word_1_110' title='bbox 686 1219 776 1271; x_wconf 87' lang='lat' dir='ltr'>titulis</span> <span class='ocrx_word' id='word_1_111' title='bbox 790 1221 857 1283; x_wconf 86' lang='lat' dir='ltr'>suis,</span> 
     </span>
     <span class='ocr_line' id='line_1_16' title="bbox 62 1291 858 1364; baseline 0 -18"><span class='ocrx_word' id='word_1_112' title='bbox 62 1295 143 1364; x_wconf 89' lang='lat' dir='ltr'>quasi</span> <span class='ocrx_word' id='word_1_113' title='bbox 153 1295 278 1362; x_wconf 69' lang='lat' dir='ltr'>Augusti,</span> <span class='ocrx_word' id='word_1_114' title='bbox 289 1295 330 1345; x_wconf 89' lang='lat' dir='ltr'>ita</span> <span class='ocrx_word' id='word_1_115' title='bbox 340 1300 368 1346; x_wconf 92' lang='lat' dir='ltr'>et</span> <span class='ocrx_word' id='word_1_116' title='bbox 377 1291 475 1345; x_wconf 88' lang='lat' dir='ltr'>Liviae</span> <span class='ocrx_word' id='word_1_117' title='bbox 485 1293 560 1344; x_wconf 83' lang='lat' dir='ltr'>tilius</span> <span class='ocrx_word' id='word_1_118' title='bbox 570 1293 744 1344; x_wconf 78' lang='lat' dir='ltr'>adficeretur.</span> <span class='ocrx_word' id='word_1_119' title='bbox 766 1294 858 1355; x_wconf 75' lang='lat' dir='ltr'>Quare</span> 
     </span>
     <span class='ocr_line' id='line_1_17' title="bbox 61 1367 859 1436; baseline -0.001 -15"><span class='ocrx_word' id='word_1_120' title='bbox 61 1385 118 1421; x_wconf 89' lang='lat' dir='ltr'>non</span> <span class='ocrx_word' id='word_1_121' title='bbox 125 1375 264 1436; x_wconf 78' lang='lat' dir='ltr'>parentem</span> <span class='ocrx_word' id='word_1_122' title='bbox 270 1367 379 1435; x_wconf 75' lang='lat' dir='ltr'>patriae</span> <span class='ocrx_word' id='word_1_123' title='bbox 390 1367 536 1434; x_wconf 88' lang='lat' dir='ltr'>appellari,</span> <span class='ocrx_word' id='word_1_124' title='bbox 557 1382 613 1418; x_wconf 90' lang='lat' dir='ltr'>non</span> <span class='ocrx_word' id='word_1_125' title='bbox 626 1367 713 1436; x_wconf 86' lang='lat' dir='ltr'>ullum</span> <span class='ocrx_word' id='word_1_126' title='bbox 723 1369 859 1436; x_wconf 87' lang='lat' dir='ltr'>insignem</span> 
     </span>
     <span class='ocr_line' id='line_1_18' title="bbox 61 1441 857 1511; baseline -0.001 -16"><span class='ocrx_word' id='word_1_127' title='bbox 61 1443 195 1496; x_wconf 87' lang='lat' dir='ltr'>honorem</span> <span class='ocrx_word' id='word_1_128' title='bbox 206 1443 327 1510; x_wconf 89' lang='lat' dir='ltr'>recipere</span> <span class='ocrx_word' id='word_1_129' title='bbox 338 1441 447 1509; x_wconf 89' lang='lat' dir='ltr'>publice</span> <span class='ocrx_word' id='word_1_130' title='bbox 457 1448 610 1508; x_wconf 85' lang='lat' dir='ltr'>passusest.</span> <span class='ocrx_word' id='word_1_131' title='bbox 632 1441 686 1495; x_wconf 85' lang='lat' dir='ltr'>Sed</span> <span class='ocrx_word' id='word_1_132' title='bbox 696 1449 723 1494; x_wconf 89' lang='lat' dir='ltr'>et</span> <span class='ocrx_word' id='word_1_133' title='bbox 732 1441 857 1511; x_wconf 80' lang='lat' dir='ltr'>frequen-</span> 
     </span>
     <span class='ocr_line' id='line_1_19' title="bbox 62 1515 858 1588; baseline -0.003 -18"><span class='ocrx_word' id='word_1_134' title='bbox 62 1525 105 1570; x_wconf 89' lang='lat' dir='ltr'>ter</span> <span class='ocrx_word' id='word_1_135' title='bbox 124 1518 280 1582; x_wconf 85' lang='lat' dir='ltr'>admonuit,</span> <span class='ocrx_word' id='word_1_136' title='bbox 300 1515 444 1568; x_wconf 79' lang='lat' dir='ltr'>maioribus</span> <span class='ocrx_word' id='word_1_137' title='bbox 457 1515 632 1588; x_wconf 81' lang='lat' dir='ltr'>necfemt&#39;nae</span> <span class='ocrx_word' id='word_1_138' title='bbox 650 1518 858 1570; x_wconf 74' lang='lat' dir='ltr'>eonemieatibut</span> 
     </span>
     <span class='ocr_line' id='line_1_20' title="bbox 60 1592 857 1662; baseline -0.001 -17"><span class='ocrx_word' id='word_1_139' title='bbox 60 1592 176 1662; x_wconf 79' lang='lat' dir='ltr'>negotiis</span> <span class='ocrx_word' id='word_1_140' title='bbox 187 1592 331 1644; x_wconf 66' lang='lat' dir='ltr'>absumeret</span> <span class='ocrx_word' id='word_1_141' title='bbox 335 1609 347 1652; x_wconf 88' lang='lat'><em>;</em></span> <span class='ocrx_word' id='word_1_142' title='bbox 358 1592 504 1659; x_wconf 82' lang='lat' dir='ltr'>praecipua</span> <span class='ocrx_word' id='word_1_143' title='bbox 513 1597 545 1642; x_wconf 89' lang='lat' dir='ltr'>nt</span> <span class='ocrx_word' id='word_1_144' title='bbox 555 1592 756 1658; x_wconf 83' lang='lat' dir='ltr'>animadvertit,</span> <span class='ocrx_word' id='word_1_145' title='bbox 766 1594 857 1645; x_wconf 88' lang='lat' dir='ltr'>ineen-</span> 
     </span>
     <span class='ocr_line' id='line_1_21' title="bbox 61 1665 857 1734; baseline 0 -16"><span class='ocrx_word' id='word_1_146' title='bbox 61 1667 109 1718; x_wconf 90' lang='lat' dir='ltr'>dio</span> <span class='ocrx_word' id='word_1_147' title='bbox 120 1668 200 1718; x_wconf 84' lang='lat' dir='ltr'>iuxta</span> <span class='ocrx_word' id='word_1_148' title='bbox 211 1667 305 1717; x_wconf 89' lang='lat' dir='ltr'>aedem</span> <span class='ocrx_word' id='word_1_149' title='bbox 316 1665 417 1719; x_wconf 87' lang='lat' dir='ltr'>Vestae</span> <span class='ocrx_word' id='word_1_150' title='bbox 427 1671 455 1718; x_wconf 88' lang='lat' dir='ltr'>et</span> <span class='ocrx_word' id='word_1_151' title='bbox 463 1666 551 1733; x_wconf 83' lang='lat' dir='ltr'>ipsam</span> <span class='ocrx_word' id='word_1_152' title='bbox 563 1668 754 1732; x_wconf 87' lang='lat' dir='ltr'>intervenisse,</span> <span class='ocrx_word' id='word_1_153' title='bbox 770 1683 857 1734; x_wconf 89' lang='lat' dir='ltr'>popu-</span> 
     </span>
     <span class='ocr_line' id='line_1_22' title="bbox 6 1739 857 1814; baseline 0 -22"><span class='ocrx_word' id='word_1_154' title='bbox 6 1757 8 1814; x_wconf 66' lang='lat'>;</span> <span class='ocrx_word' id='word_1_155' title='bbox 60 1742 173 1808; x_wconf 89' lang='lat' dir='ltr'>lumque</span> <span class='ocrx_word' id='word_1_156' title='bbox 184 1747 211 1792; x_wconf 88' lang='lat' dir='ltr'>et</span> <span class='ocrx_word' id='word_1_157' title='bbox 220 1741 334 1805; x_wconf 90' lang='lat' dir='ltr'>milites,</span> <span class='ocrx_word' id='word_1_158' title='bbox 350 1756 404 1808; x_wconf 89' lang='lat' dir='ltr'>quo</span> <span class='ocrx_word' id='word_1_159' title='bbox 416 1739 523 1792; x_wconf 82' lang='lat' dir='ltr'>enixius</span> <span class='ocrx_word' id='word_1_160' title='bbox 534 1756 613 1808; x_wconf 90' lang='lat' dir='ltr'>opem</span> <span class='ocrx_word' id='word_1_161' title='bbox 627 1739 742 1807; x_wconf 79' lang='lat' dir='ltr'>ferrent,</span> <span class='ocrx_word' id='word_1_162' title='bbox 758 1739 857 1794; x_wconf 82' lang='lat' dir='ltr'>adhor-</span> 
     </span>
     <span class='ocr_line' id='line_1_23' title="bbox 59 1815 634 1878; baseline -0.003 -10"><span class='ocrx_word' id='word_1_163' title='bbox 59 1822 157 1878; x_wconf 83' lang='lat' dir='ltr'>tatam,</span> <span class='ocrx_word' id='word_1_164' title='bbox 170 1816 241 1866; x_wconf 87' lang='lat' dir='ltr'>sieut</span> <span class='ocrx_word' id='word_1_165' title='bbox 250 1816 300 1866; x_wconf 91' lang='lat' dir='ltr'>sub</span> <span class='ocrx_word' id='word_1_166' title='bbox 311 1816 411 1867; x_wconf 87' lang='lat' dir='ltr'>marito</span> <span class='ocrx_word' id='word_1_167' title='bbox 422 1815 507 1867; x_wconf 89' lang='lat' dir='ltr'>solita</span> <span class='ocrx_word' id='word_1_168' title='bbox 517 1822 597 1868; x_wconf 85' lang='lat' dir='ltr'>esset.</span> <span class='ocrx_word' id='word_1_169' title='bbox 626 1851 634 1859; x_wconf 89' lang='lat'><em>-</em></span> 
     </span>
    </p>

    <p class='ocr_par' dir='ltr' id='par_1_3' title="bbox 59 1887 857 2250">
     <span class='ocr_line' id='line_1_24' title="bbox 119 1887 857 1956; baseline 0.003 -18"><span class='ocrx_word' id='word_1_170' title='bbox 119 1887 165 1940; x_wconf 90' lang='lat' dir='ltr'>Ll.</span> <span class='ocrx_word' id='word_1_171' title='bbox 186 1887 338 1942; x_wconf 86' lang='lat' dir='ltr'>Dehincad</span> <span class='ocrx_word' id='word_1_172' title='bbox 352 1890 518 1941; x_wconf 87' lang='lat' dir='ltr'>simultatem</span> <span class='ocrx_word' id='word_1_173' title='bbox 531 1905 618 1956; x_wconf 87' lang='lat' dir='ltr'>usqne</span> <span class='ocrx_word' id='word_1_174' title='bbox 632 1890 781 1956; x_wconf 87' lang='lat' dir='ltr'>processit,</span> <span class='ocrx_word' id='word_1_175' title='bbox 796 1887 857 1953; x_wconf 87' lang='lat' dir='ltr'>hac,</span> 
     </span>
     <span class='ocr_line' id='line_1_25' title="bbox 61 1961 856 2031; baseline -0.003 -15"><span class='ocrx_word' id='word_1_176' title='bbox 61 1971 94 2016; x_wconf 92' lang='grc' dir='ltr'>ιιι</span> <span class='ocrx_word' id='word_1_177' title='bbox 103 1961 203 2028; x_wconf 81' lang='lat' dir='ltr'>lemnt,</span> <span class='ocrx_word' id='word_1_178' title='bbox 216 1964 249 2016; x_wconf 93' lang='lat' dir='ltr'>de</span> <span class='ocrx_word' id='word_1_179' title='bbox 260 1979 353 2015; x_wconf 88' lang='lat' dir='ltr'>cansa.</span> <span class='ocrx_word' id='word_1_180' title='bbox 386 1963 505 2015; x_wconf 83' lang='lat' dir='ltr'>instanti</span> <span class='ocrx_word' id='word_1_181' title='bbox 514 1965 633 2031; x_wconf 86' lang='lat' dir='ltr'>saepius,</span> <span class='ocrx_word' id='word_1_182' title='bbox 644 1970 676 2014; x_wconf 90' lang='grc' dir='ltr'>ιιι</span> <span class='ocrx_word' id='word_1_183' title='bbox 686 1964 796 2015; x_wconf 88' lang='lat' dir='ltr'>civitate</span> <span class='ocrx_word' id='word_1_184' title='bbox 808 1963 856 2014; x_wconf 88' lang='lat' dir='ltr'>do-</span> 
     </span>
     <span class='ocr_line' id='line_1_26' title="bbox 59 2037 857 2112; baseline -0.004 -21"><span class='ocrx_word' id='word_1_185' title='bbox 59 2040 178 2091; x_wconf 74' lang='lat' dir='ltr'>natum·</span> <span class='ocrx_word' id='word_1_186' title='bbox 170 2055 199 2090; x_wconf 89' lang='grc' dir='ltr'>ιιι</span> <span class='ocrx_word' id='word_1_187' title='bbox 220 2039 346 2090; x_wconf 83' lang='lat' dir='ltr'>decurias</span> <span class='ocrx_word' id='word_1_188' title='bbox 361 2037 503 2107; x_wconf 87' lang='lat' dir='ltr'>allegeret,</span> <span class='ocrx_word' id='word_1_189' title='bbox 524 2039 634 2112; x_wconf 73' lang='lat' dir='ltr'>negavit</span> <span class='ocrx_word' id='word_1_190' title='bbox 649 2037 705 2090; x_wconf 85' lang='lat' dir='ltr'>elia</span> <span class='ocrx_word' id='word_1_191' title='bbox 719 2053 748 2089; x_wconf 90' lang='lat' dir='ltr'>se</span> <span class='ocrx_word' id='word_1_192' title='bbox 764 2037 857 2090; x_wconf 85' lang='lat' dir='ltr'>eondi-</span> 
     </span>
     <span class='ocr_line' id='line_1_27' title="bbox 60 2111 856 2180; baseline 0 -16"><span class='ocrx_word' id='word_1_193' title='bbox 60 2113 138 2165; x_wconf 88' lang='lat' dir='ltr'>tione</span> <span class='ocrx_word' id='word_1_194' title='bbox 150 2113 324 2177; x_wconf 88' lang='lat' dir='ltr'>allecturum,</span> <span class='ocrx_word' id='word_1_195' title='bbox 336 2128 417 2180; x_wconf 85' lang='lat' dir='ltr'>qnam</span> <span class='ocrx_word' id='word_1_196' title='bbox 429 2114 452 2164; x_wconf 90' lang='lat' dir='ltr'>si</span> <span class='ocrx_word' id='word_1_197' title='bbox 464 2119 604 2180; x_wconf 87' lang='lat' dir='ltr'>pateretur</span> <span class='ocrx_word' id='word_1_198' title='bbox 614 2112 717 2164; x_wconf 87' lang='lat' dir='ltr'>ascribi</span> <span class='ocrx_word' id='word_1_199' title='bbox 727 2111 801 2176; x_wconf 84' lang='lat' dir='ltr'>albo,</span> <span class='ocrx_word' id='word_1_200' title='bbox 814 2127 856 2164; x_wconf 78' lang='lat' dir='ltr'>ex·</span> 
     </span>
     <span class='ocr_line' id='line_1_28' title="bbox 61 2186 857 2250; baseline -0.003 -11"><span class='ocrx_word' id='word_1_201' title='bbox 61 2195 162 2240; x_wconf 83' lang='lat' dir='ltr'>tortam</span> <span class='ocrx_word' id='word_1_202' title='bbox 181 2187 211 2238; x_wconf 81' lang='lat' dir='ltr'>a&#39;d</span> <span class='ocrx_word' id='word_1_203' title='bbox 229 2186 280 2239; x_wconf 75' lang='lat' dir='ltr'>siet</span> <span class='ocrx_word' id='word_1_204' title='bbox 299 2203 316 2238; x_wconf 86' lang='lat' dir='ltr'>c</span> <span class='ocrx_word' id='word_1_205' title='bbox 335 2196 429 2238; x_wconf 85' lang='lat' dir='ltr'>matre</span> <span class='ocrx_word' id='word_1_206' title='bbox 467 2187 565 2238; x_wconf 77' lang='lat' dir='ltr'>Atilia</span> <span class='ocrx_word' id='word_1_207' title='bbox 580 2193 730 2250; x_wconf 85' lang='lat' dir='ltr'>commota,</span> <span class='ocrx_word' id='word_1_208' title='bbox 750 2192 857 2240; x_wconf 82' lang='lat' dir='ltr'>veteres</span> 
     </span>
    </p>
   </div>
   <div class='ocr_carea' id='block_1_3' title="bbox 60 2261 942 2330">
    <p class='ocr_par' dir='ltr' id='par_1_4' title="bbox 60 2261 942 2330">
     <span class='ocr_line' id='line_1_29' title="bbox 60 2261 942 2330; baseline 0.002 -17"><span class='ocrx_word' id='word_1_209' title='bbox 60 2261 198 2330; x_wconf 88' lang='lat' dir='ltr'>quosdam</span> <span class='ocrx_word' id='word_1_210' title='bbox 212 2262 248 2314; x_wconf 87' lang='lat' dir='ltr'>ad</span> <span class='ocrx_word' id='word_1_211' title='bbox 263 2278 293 2313; x_wconf 91' lang='lat' dir='ltr'>se</span> <span class='ocrx_word' id='word_1_212' title='bbox 305 2261 422 2330; x_wconf 83' lang='lat' dir='ltr'>Augusti</span> <span class='ocrx_word' id='word_1_213' title='bbox 441 2261 586 2320; x_wconf 77' lang='lat' dir='ltr'>codicillos</span> <span class='ocrx_word' id='word_1_214' title='bbox 607 2261 640 2312; x_wconf 94' lang='lat' dir='ltr'>de</span> <span class='ocrx_word' id='word_1_215' title='bbox 661 2262 810 2313; x_wconf 87' lang='lat' dir='ltr'>acerbitate</span> <span class='ocrx_word' id='word_1_216' title='bbox 830 2267 859 2314; x_wconf 85' lang='lat' dir='ltr'>ct</span> <span class='ocrx_word' id='word_1_217' title='bbox 909 2265 914 2280; x_wconf 66' lang='lat'>‘</span> <span class='ocrx_word' id='word_1_218' title='bbox 938 2315 942 2320; x_wconf 86' lang='lat'><em>.</em></span> 
     </span>
    </p>
   </div>
   <div class='ocr_carea' id='block_1_4' title="bbox 57 2335 858 2702">
    <p class='ocr_par' dir='ltr' id='par_1_5' title="bbox 57 2335 857 2702">
     <span class='ocr_line' id='line_1_30' title="bbox 57 2335 857 2408; baseline 0 -20"><span class='ocrx_word' id='word_1_219' title='bbox 57 2337 241 2388; x_wconf 86' lang='lat' dir='ltr'>intolerantia</span> <span class='ocrx_word' id='word_1_220' title='bbox 260 2337 446 2408; x_wconf 59' lang='lat' dir='ltr'>morum‚eius</span> <span class='ocrx_word' id='word_1_221' title='bbox 467 2351 481 2387; x_wconf 84' lang='lat' dir='ltr'>e</span> <span class='ocrx_word' id='word_1_222' title='bbox 502 2336 624 2388; x_wconf 88' lang='lat' dir='ltr'>sacrario</span> <span class='ocrx_word' id='word_1_223' title='bbox 644 2335 762 2404; x_wconf 85' lang='lat' dir='ltr'>protulit</span> <span class='ocrx_word' id='word_1_224' title='bbox 775 2342 857 2402; x_wconf 85' lang='lat' dir='ltr'>atque</span> 
     </span>
     <span class='ocr_line' id='line_1_31' title="bbox 58 2410 857 2477; baseline -0.003 -15"><span class='ocrx_word' id='word_1_225' title='bbox 58 2411 198 2463; x_wconf 76' lang='lat' dir='ltr'>recitavit.</span> <span class='ocrx_word' id='word_1_226' title='bbox 228 2411 290 2462; x_wconf 86' lang='lat' dir='ltr'>Hos</span> <span class='ocrx_word' id='word_1_227' title='bbox 301 2417 327 2463; x_wconf 91' lang='lat' dir='ltr'>et</span> <span class='ocrx_word' id='word_1_228' title='bbox 339 2411 493 2463; x_wconf 87' lang='lat' dir='ltr'>custoditos</span> <span class='ocrx_word' id='word_1_229' title='bbox 503 2417 559 2462; x_wconf 83' lang='lat' dir='ltr'>tam</span> <span class='ocrx_word' id='word_1_230' title='bbox 570 2410 626 2474; x_wconf 89' lang='lat' dir='ltr'>din,</span> <span class='ocrx_word' id='word_1_231' title='bbox 638 2417 666 2462; x_wconf 89' lang='lat' dir='ltr'>et</span> <span class='ocrx_word' id='word_1_232' title='bbox 675 2412 857 2477; x_wconf 84' lang='lat' dir='ltr'>exprobratos</span> 
     </span>
     <span class='ocr_line' id='line_1_32' title="bbox 57 2449 858 2553; baseline -0.001 -16"><span class='ocrx_word' id='word_1_233' title='bbox 57 2492 118 2537; x_wconf 88' lang='lat' dir='ltr'>tam</span> <span class='ocrx_word' id='word_1_234' title='bbox 128 2483 235 2550; x_wconf 78' lang='lat' dir='ltr'>infeste,</span> <span class='ocrx_word' id='word_1_235' title='bbox 248 2485 317 2538; x_wconf 85' lang='lat' dir='ltr'>adeo</span> <span class='ocrx_word' id='word_1_236' title='bbox 328 2487 448 2553; x_wconf 80' lang='lat' dir='ltr'>graviter</span> <span class='ocrx_word' id='word_1_237' title='bbox 456 2484 528 2548; x_wconf 91' lang='lat' dir='ltr'>tulit,</span> <span class='ocrx_word' id='word_1_238' title='bbox 539 2491 571 2535; x_wconf 90' lang='lat' dir='ltr'>ut</span> <span class='ocrx_word' id='word_1_239' title='bbox 581 2449 691 2551; x_wconf 75' lang='lat' dir='ltr'>qnidam</span> <span class='ocrx_word' id='word_1_240' title='bbox 702 2491 806 2551; x_wconf 86' lang='lat' dir='ltr'>putent,</span> <span class='ocrx_word' id='word_1_241' title='bbox 816 2486 858 2536; x_wconf 89' lang='lat' dir='ltr'>in·</span> 
     </span>
     <span class='ocr_line' id='line_1_33' title="bbox 58 2558 857 2626; baseline 0 -16"><span class='ocrx_word' id='word_1_242' title='bbox 58 2567 103 2611; x_wconf 84' lang='lat' dir='ltr'>ter</span> <span class='ocrx_word' id='word_1_243' title='bbox 124 2561 223 2612; x_wconf 74' lang='lat' dir='ltr'>cautas</span> <span class='ocrx_word' id='word_1_244' title='bbox 243 2575 366 2612; x_wconf 86' lang='lat' dir='ltr'>secessus</span> <span class='ocrx_word' id='word_1_245' title='bbox 380 2558 457 2610; x_wconf 81' lang='lat' dir='ltr'>lianc</span> <span class='ocrx_word' id='word_1_246' title='bbox 477 2559 503 2610; x_wconf 91' lang='lat' dir='ltr'>ei</span> <span class='ocrx_word' id='word_1_247' title='bbox 516 2559 559 2610; x_wconf 86' lang='lat' dir='ltr'>vel</span> <span class='ocrx_word' id='word_1_248' title='bbox 573 2560 748 2626; x_wconf 88' lang='lat' dir='ltr'>praeeipuam</span> <span class='ocrx_word' id='word_1_249' title='bbox 763 2559 857 2610; x_wconf 76' lang='lat' dir='ltr'>finisse</span> 
     </span>
     <span class='ocr_line' id='line_1_34' title="bbox 60 2619 858 2702; baseline -0.003 -15.99"><span class='ocrx_word' id='word_1_250' title='bbox 60 2635 136 2688; x_wconf 83' lang='lat' dir='ltr'>Toto</span> <span class='ocrx_word' id='word_1_251' title='bbox 150 2636 260 2702; x_wconf 90' lang='lat' dir='ltr'>quidem</span> <span class='ocrx_word' id='word_1_252' title='bbox 271 2636 404 2699; x_wconf 89' lang='lat' dir='ltr'>triennio,</span> <span class='ocrx_word' id='word_1_253' title='bbox 421 2649 474 2702; x_wconf 90' lang='lat' dir='ltr'>quo</span> <span class='ocrx_word' id='word_1_254' title='bbox 481 2619 592 2686; x_wconf 64' lang='lat' dir='ltr'>livente</span> <span class='ocrx_word' id='word_1_255' title='bbox 602 2641 688 2688; x_wconf 89' lang='lat' dir='ltr'>matre</span> <span class='ocrx_word' id='word_1_256' title='bbox 701 2633 802 2697; x_wconf 83' lang='lat' dir='ltr'>abfuit,</span> <span class='ocrx_word' id='word_1_257' title='bbox 818 2649 858 2684; x_wconf 87' lang='lat' dir='ltr'>se·</span> 
     </span>
    </p>
   </div>
   <div class='ocr_carea' id='block_1_5' title="bbox 0 0 998 2960">
    <p class='ocr_par' dir='ltr' id='par_1_6' title="bbox 0 0 998 2960">
     <span class='ocr_line' id='line_1_35' title="bbox 0 0 998 2960; baseline 0 2"><span class='ocrx_word' id='word_1_258' title='bbox 0 0 998 2960; x_wconf 95' lang='lat' dir='ltr'> </span> 
     </span>
    </p>
   </div>
  </div>
 </body>
</html>
