1992 2962
277 141 393 190 0'l'll0.
429 143 509 190 CAP.
528 145 627 194 9-12.
796 143 847 198 285

53 269 148 324 mevit.
173 263 455 335 Divisitetpeeaniss
465 266 624 321 domesticis
634 281 668 320 ex
679 270 848 340 eopiapsse.

52 345 133 398 senti.
481 357 484 364 ’

110 416 158 469 xl.
178 417 267 483 Atque
276 416 318 466 ita
327 419 442 482 paratus
451 417 625 483 intentusque
635 417 691 468 iam
702 417 794 480 morti,
804 423 847 468 tn.

53 493 143 546 multu
156 492 229 542 inter
241 504 334 542 moras
347 495 459 555 exorto,
478 495 510 541 ut
523 505 584 554 eos,
603 491 653 558 qui
667 490 806 542 discedere
820 497 848 542 st

56 569 133 619 abiro
148 563 325 632 coeptabant,
338 564 441 630 corripi
451 565 532 632 quasi
542 564 707 630 desertores,
719 563 847 616 detineri·

56 656 110 709 que
118 641 221 693 sensit:
242 637 417 699 sassones,
429 639 531 706 inquit,
542 638 612 690 sitae
621 646 649 690 et
657 636 726 691 bauo
736 646 845 702 nortun,

55 715 99 766 lais
112 715 181 782 ipsis
193 712 362 779 totidemque
376 713 479 777 verbis,
494 713 634 781 vetuitque
647 713 703 764 vim
718 713 847 780 uniquam

57 789 135 841 lieri:
154 788 230 840 etin
250 801 340 838 serum
359 801 446 854 usque
465 793 575 855 patente
590 787 731 850 cubioulo,
746 787 846 856 siquis

56 864 133 916 adire
142 861 237 925 vellet,
248 865 411 928 potestatem
421 861 467 912 sui
475 862 611 928 praebuit.
623 917 624 924 χ
640 860 709 913 Post
718 860 794 925 haee,
806 877 848 918 sev

56 939 123 990 data
132 937 180 988 siti
188 935 296 1002 gelidae
307 950 394 1002 aquae
405 936 529 1001 potione,
541 936 659 1002 arripuit
669 935 739 986 duos
749 936 845 1004 pugio-

55 1027 116 1077 nes,
131 1016 160 1063 et
169 1009 313 1076 explorata
322 1009 467 1075 utriusque
477 1009 549 1073 acie,
565 1025 649 1076 quum
660 1009 775 1062 alterum
785 1009 845 1078 pul·

54 1088 120 1138 vino
134 1083 314 1145 subdidisset,
329 1082 436 1135 foribus
447 1083 587 1151 adopertis
598 1085 736 1135 artissimo
748 1099 845 1136 somno

57 1159 168 1230 quievit.
206 1157 243 1208 Et
253 1157 327 1208 eirca
336 1156 424 1208 lucem
436 1157 543 1208 demum
554 1157 773 1226 expergefaetus,
787 1174 843 1210 uno
886 1143 889 1164 '

56 1251 86 1286 se
100 1233 209 1286 tru'eoit
221 1230 278 1283 ictu
291 1229 365 1282 inira
383 1230 489 1282 laevam
503 1231 653 1300 papillam:
673 1233 846 1300 irrumpenti-

54 1310 160 1377 busque
171 1306 206 1358 ad
216 1306 333 1374 primum
342 1305 484 1372 gemitum,
495 1306 578 1357 modo
590 1305 695 1372 celans,
705 1306 788 1357 modo
800 1307 846 1357 de-

13 1371 17 1456 l
54 1390 149 1450 tegens
163 1381 285 1448 plagam,
296 1380 468 1432 exanimatus
478 1384 531 1442 est,
542 1385 570 1430 et
580 1379 705 1432 celeriter
719 1383 794 1444 (nam
804 1381 846 1430 ita

55 1458 244 1526 praeceperat)
264 1453 418 1518 itineratus,
433 1453 573 1506 tricesimo
589 1460 617 1506 et
631 1459 729 1506 octavo
745 1454 845 1506 aetatis

56 1547 141 1595 anuo,
153 1536 180 1582 et
188 1529 365 1596 nonagesimo
377 1534 404 1579 et
414 1527 508 1596 quinto
519 1529 629 1595 imperii
638 1525 691 1580 die.

112 1603 172 1656 Xll.
193 1595 290 1655 Taisto'
304 1601 420 1654 Othonis
440 1603 531 1654 animo
551 1617 724 1672 nequaquam
745 1618 845 1672 eorpus

55 1684 105 1732 aut
117 1676 227 1730 habitus
242 1676 391 1744 competiit.
429 1675 526 1728 Fuisse
537 1677 608 1729 enirn
622 1677 741 1729 traditur
751 1684 779 1730 et
787 1693 845 1728 mo-

55 1755 135 1806 dicae
149 1759 283 1816 statssrae,
298 1757 326 1803 et
340 1751 411 1803 male
425 1751 540 1818 pedatus
550 1751 749 1820 scambusque:
768 1767 846 1803 mun-

55 1828 185 1880 ditiarum
196 1841 261 1879 vero
272 1841 358 1892 paene
368 1824 554 1891 muliebrium,
565 1826 644 1878 vulso
656 1841 786 1894 corpore,
797 1840 844 1894 ga-

54 1902 171 1954 lericulo
186 1899 271 1968 ospiti
284 1905 397 1968 propter
405 1901 546 1953 raritatem
557 1901 720 1970 capillorum
732 1898 845 1967 adapta-

53 1983 84 2028 to
100 1982 128 2028 et
142 1989 261 2037 annexu,
271 1979 303 2024 ut
315 1989 395 2025 nemo
411 1973 602 2041 dignosceret=
623 1976 690 2045 quin
703 1980 731 2026 et
745 1973 844 2026 faeiem

54 2050 180 2119 quotidie
193 2047 322 2112 rasitare,
334 2063 367 2098 ao
376 2063 446 2114 pane
456 2049 567 2100 madido
578 2049 664 2102 linere
675 2055 844 2113 consuetum,

51 2125 137 2192 idque
151 2121 303 2172 instituisse
317 2135 335 2171 a
348 2119 438 2188 prima
450 2122 592 2189 lanugine,
606 2139 641 2176 ne
654 2124 787 2176 barbatus
794 2135 845 2173 un-

52 2211 138 2264 quam
152 2198 240 2247 esset:
260 2209 341 2245 saera
355 2195 438 2244 etiam
452 2193 534 2247 isidis
548 2211 629 2265 saepe
642 2198 673 2248 in
686 2197 773 2250 lintea
782 2196 845 2248 reli·

13 2323 14 2328 ,
50 2271 188 2338 gioseque
201 2272 276 2318 veste
289 2266 434 2333 propalam
449 2267 610 2324 celebrasse.
651 2270 705 2323 Per
719 2287 791 2340 quae
803 2270 845 2322 ia·

51 2348 129 2396 otum
140 2345 245 2407 putem,
259 2346 292 2392 ut
304 2349 378 2391 mors
389 2339 460 2404 eius,
475 2343 586 2394 minime
596 2357 750 2410 congruens
758 2346 845 2409 vitae,

50 2415 156 2471 maiori
165 2414 299 2467 miraculo
309 2413 401 2466 fuerit.
440 2413 524 2470 Multi
533 2417 717 2484 praesentium
726 2419 846 2471 militurn

13 2479 14 2550 Ῐ
51 2507 116 2546 eum
131 2489 249 2560 plurimo
264 2488 330 2542 lletu
343 2503 440 2541 manus
454 2503 487 2544 ao
504 2490 587 2558 pedes
600 2490 717 2542 iaoeutis
731 2507 845 2544 exoscu-

49 2566 117 2632 lati,
129 2563 305 2637 forbannum
314 2563 412 2626 uisum,
422 2560 529 2617 uadum
537 2563 725 2632 ,imperatorem
737 2564 845 2633 praedi-

51 2645 159 2707 cantes,
170 2641 273 2694 ibidem
283 2640 376 2694 stetim
385 2653 437 2692 neo
445 2639 544 2710 procul
553 2654 571 2693 a
579 2653 649 2708 rogo
659 2638 715 2691 vim
729 2653 796 2692 suae
805 2637 845 2692 rb
