1992 2962
285 138 419 186 canna.
453 139 536 187 ene.
553 139 671 188 12-15.
825 139 875 195 aas
949 121 951 125 ’

79 273 126 321 tus
137 261 398 332 eiusinliispania,
418 253 578 330 cupiditatis
592 263 754 326 immensae;
775 255 875 318 Come·

79 343 136 394 lius
146 339 238 403 Laco,
258 352 293 390 ex
307 352 448 389 assessore
460 337 616 406 praefectus
630 339 779 406 praetorii,
799 355 876 392 erro-

80 415 179 486 gautia
202 411 387 479 socordiaque
409 411 607 475 intolerabilis3
639 413 754 465 libertus
778 413 875 478 ieelns,

78 489 177 560 paullo
189 493 251 539 ante
263 485 371 538 annulis
382 487 473 538 aureis
484 487 648 541 etMartiaui
659 488 822 556 cognomine
832 504 876 540 or·

79 571 175 628 natus,
197 577 231 614 ec
243 563 300 613 iam
313 575 435 613 summae
446 562 580 628 equestris
590 563 691 630 madias
702 562 875 614 candidatus.

81 640 148 700 His,
169 637 278 689 diverso
289 637 419 687 vitiorum
429 651 528 704 genere
542 637 744 704 grassantibus,
765 637 835 690 adeo
846 653 876 689 se

82 712 248 766 abutendum
257 711 383 778 permisit
391 717 420 762 et
428 710 556 776 tradidit,
575 717 608 764 ut
620 713 667 764 vix
681 712 801 780 sibiipsi
812 727 876 764 con-

82 793 181 850 staret,
200 785 284 838 modo
296 786 423 837 acerbior
437 786 615 855 parciorque,
636 786 719 838 modo
733 787 876 838 remissior

82 879 116 914 ac
124 861 321 929 negligentior,
332 873 415 928 quam
426 859 583 912 conveniret
596 861 716 929 principi
730 861 818 913 eiecto
834 867 874 912 at-

83 952 135 1006 que
149 935 219 987 illud
235 934 343 995 aetatis.
383 933 525 996 Quosdam
540 934 631 986 claros
646 949 680 986 ex
692 941 810 1002 utroque
830 949 875 986 or-

81 1013 144 1064 dine
153 1009 228 1061 viros
239 1007 396 1075 suspicione
405 1008 519 1060 minima
528 1009 669 1060 inauditos
675 1009 874 1061 condemnavit.

82 1085 226 1138 Civitatem
241 1081 394 1134 Romanam
407 1097 472 1135 raro
488 1081 575 1135 dedit:
598 1083 662 1135 iura
676 1085 760 1134 trium
773 1083 874 1136 libero-

80 1176 141 1214 rum
154 1159 201 1210 vix
215 1153 265 1209 uni
280 1161 361 1224 atque
376 1157 470 1220 alteri3
490 1173 524 1210 ac
533 1173 567 1209 ne
576 1155 620 1226 bis
631 1158 752 1226 quidem,
772 1158 827 1208 nisi
838 1155 874 1209 ad

82 1240 185 1288 certum
198 1232 426 1302 praefinitumque
439 1237 556 1300 tempus.
593 1232 747 1297 iudicibus,
767 1239 874 1282 sextam

82 1309 220 1362 decrrriam
231 1306 317 1359 adiici
325 1305 513 1374 precantibus,
528 1320 585 1357 non
594 1305 677 1358 modo
687 1307 810 1374 negavit,
825 1305 874 1356 sed

82 1374 334 1438 ederimneemum
345 1395 362 1430 a
373 1379 490 1432 Claudio
501 1381 675 1444 beneficium,
690 1395 725 1432 ne
734 1377 823 1434 bieme
832 1381 873 1431 iu·

8 1449 9 1496 3
81 1459 188 1526 itloque
199 1457 264 1510 anni
274 1451 497 1518 adiudicandum
507 1461 695 1522 evocarentur,
706 1453 821 1532 eripuit..

118 1605 179 1659 XV.
198 1603 417 1658 Existimabatur
431 1604 515 1656 etiam
530 1604 671 1656 senatoria
689 1607 716 1657 et
735 1605 874 1673 equestria

82 1683 176 1737 officia
189 1681 295 1734 biennii
313 1675 405 1748 spatio
425 1678 673 1743 determinaturus,¹
687 1693 739 1731 uec
759 1678 873 1731 daturus

81 1759 137 1810 nisi
150 1757 245 1808 invitis
259 1771 293 1808 ac
302 1754 502 1807 recusantibus.
539 1751 735 1806 Liberalitates
745 1753 873 1817 Neronis,

80 1849 137 1884 non
147 1831 209 1899 plus
218 1830 333 1884 dedatis
343 1830 490 1894 concessis,
499 1845 549 1898 per
559 1829 758 1898 qninquaginta
768 1828 874 1895 equites

80 1907 222 1958 Romanos
236 1919 270 1958 ea
284 1905 443 1958 conditione
456 1903 626 1957 revocandas
644 1903 751 1957 curavit
764 1903 873 1970 exigen-

82 1981 199 2048 dasqu'e,
217 1985 254 2045 ut
263 1983 302 2042 et,
322 1979 429 2047 siquid
447 1977 550 2032 scenici
564 1983 612 2028 aut
625 1977 728 2044 xystici
741 1974 873 2028 donatum

81 2055 149 2108 olim
168 2052 367 2117 vendidissent,
391 2045 545 2104 auferretur
563 2051 740 2120 emptoribus,
761 2049 872 2118 quando

80 2129 126 2181 illi
136 2130 285 2193 absumpto
300 2126 390 2192 pretio
405 2125 513 2180 solvere
527 2127 680 2194 nequirent.
717 2125 753 2175 At
766 2130 872 2188 contra,

79 2200 152 2256 nihii
164 2216 221 2252 non
234 2214 283 2266 per
298 2201 411 2250 comites
426 2206 508 2267 atque
525 2199 641 2254 libertos
660 2199 750 2267 pretio
770 2196 872 2262 addici,

80 2280 130 2327 aut
140 2274 239 2326 donari
247 2287 346 2338 pasus
356 2279 398 2324 cst
406 2275 506 2339 gratia,
516 2273 873 2340 vectigaliuiniruunitates,

79 2362 186 2420 poenas
195 2346 759 2415 innocentium,impunitatemnoxiorum.
799 2347 873 2409 Quin

8 2433 11 2454 ,›
80 2425 179 2490 etiam,
199 2419 304 2490 populo
317 2419 443 2474 Romano
458 2419 622 2490 deposcente
636 2421 800 2489 supplicium
814 2421 872 2472 Ha-

8 2543 9 2566 ,
79 2500 136 2562 loti
149 2505 178 2552 et
187 2495 331 2565 'iigeilini,
352 2494 429 2548 solos
444 2511 477 2548 ex
492 2494 619 2547 omuibus
628 2493 746 2555 Neronis
761 2495 873 2547 emissa-

8 2603 9 2606 *
79 2575 131 2629 riis
145 2574 189 2628 vel
203 2571 467 2626 maleficentissimos
481 2567 633 2622 incolumes
642 2571 788 2637 praestitit.
826 2569 873 2620 At-

80 2665 134 2720 que
144 2651 258 2718 insuper
263 2647 397 2702 Halotum
406 2643 602 2718 procuratione
612 2643 874 2714 amplissimaerna-

35 2771 38 2778 ·
115 2744 261 2791 sueres.
512 2727 518 2742 '
651 2736 670 2786 8
