1986 2960
92 106 139 158 tlt
366 109 394 156 C.
418 105 608 156 saaraim

90 230 254 297 ademptum,
265 226 313 282 sed
323 229 406 280 etiam
416 230 550 280 sermonis
560 235 588 280 ot
598 227 732 296 colloquii
740 243 816 282 usna.
837 231 882 284 ci·

89 303 141 354 tati
155 301 191 353 ad
206 317 317 354 cansam
332 301 476 354 dicendam
484 303 586 369 partim
596 317 625 354 se
636 302 713 354 domi
721 303 882 357 vidnerove-
980 297 981 330 ³

87 382 165 440 rant,
186 377 255 430 certi
265 377 463 439 damnationis,
483 383 512 427 et
525 375 560 427 ad
574 377 748 429 vexationem
761 379 881 444 ignom-

86 450 216 519 niamque
225 449 378 511 vitandam3
397 449 498 517 partim
511 450 541 500 in
555 449 647 502 media
660 451 738 502 curia
746 465 881 504 venenum

87 521 249 585 hauserunt3
260 530 288 574 et
296 529 396 586 tamen,
408 522 548 590 colligatis
557 522 725 588 vulneribus,
737 538 770 576 ao
779 527 879 576 semia-

52 605 56 610 “
85 596 173 648 nimea
182 597 402 665 palpitantesque
415 597 445 646 in
460 611 596 648 carcerem
610 598 692 665 rapti.
707 627 708 630 =
730 597 817 650 Nemo
828 614 878 666 pu·

85 670 207 722 nitorum
220 685 277 721 non
290 672 320 722 in
331 668 479 722 Gemonias
494 670 617 722 abiectus
626 683 752 738 lanceque
761 677 879 736 uanae,

85 737 185 810 viginti
193 757 248 794 uno
260 744 317 806 die,
337 745 409 794 inter
423 758 472 794 eos
485 743 566 811 pueri
578 749 606 796 et
614 742 742 796 feminae.
778 744 878 796 Imma·

85 821 166 868 turae
176 816 297 885 puellae,
313 817 379 885 quia
388 830 464 870 more
473 817 577 868 tradito
588 816 666 870 naias
676 824 748 872 esset
756 819 878 886 virgines

85 889 265 958 strangulari,
285 891 398 942 vitiatae
408 891 484 958 prins
495 906 513 941 a
523 891 663 955 carnifice,
679 891 742 945 dein
751 897 876 960 anangu-

84 963 168 1016 letae.
206 963 445 1016 Morivolontibns
454 965 497 1016 vis
508 963 633 1018 adhibita
646 965 765 1018 vivendi.
802 965 875 1018 Nam

84 1043 201 1090 mortem
212 1037 281 1089 adeo
292 1036 350 1089 leve
361 1039 525 1106 supplicium
535 1040 663 1106 putabat,
674 1045 718 1103 ut,
734 1054 816 1107 quum
826 1053 873 1090 au·
982 1033 983 1048 ¹

85 1110 179 1173 disset,
190 1127 273 1163 unum
284 1126 318 1164 ex
327 1113 395 1175 reis,
407 1113 565 1164 carnutium
574 1113 701 1176 nomina.
709 1114 875 1182 anticipasse

85 1198 159 1248 eom,
180 1185 386 1238 exclamaverit:
408 1184 547 1238 Castalius
562 1202 602 1237 me
616 1187 704 1239 evasit.
745 1187 781 1238 Ec
793 1188 874 1240 inra-
982 1185 983 1218 l

86 1259 284 1326 cognoscendis
295 1259 437 1324 comediis,
448 1261 573 1328 precanti
582 1260 691 1312 cuidam
702 1275 807 1328 poenae
816 1275 874 1312 ma·

84 1331 224 1382 turitatem
235 1333 390 1400 respondit:
405 1331 527 1384 Nondum
537 1342 621 1386 tecam
631 1334 788 1404 ingratiam
797 1335 873 1391 redit.
887 1373 890 1378 .

20 1445 24 1455 .
84 1405 235 1456 malibus
245 1408 303 1457 auis
312 1407 874 1477 viiconaularisinaemit,frequentiquon·

85 1477 149 1530 dam
160 1479 285 1531 convivio
291 1518 299 1545 ,
311 1482 356 1532 oui
366 1477 463 1548 etipse
471 1481 595 1546 affuerit,
605 1481 802 1551 interrogatum
813 1497 874 1535 enm

85 1552 178 1603 subito
189 1559 217 1603 et
228 1553 301 1605 olere
312 1555 459 1623 aquodam
469 1571 555 1620 nano,
567 1561 674 1608 astante
684 1571 793 1612 mensae
803 1557 874 1608 inter

85 1639 212 1693 copreae,
234 1642 282 1678 our
291 1627 429 1680 Paconius
442 1630 595 1694 maiestatis
604 1644 667 1681 reus
677 1636 733 1680 tam
744 1629 792 1680 diu
801 1630 874 1682 vive·

83 1707 139 1762 ret,
159 1700 252 1751 statim
266 1702 375 1768 quidem
389 1703 569 1770 petulantiam
584 1703 693 1769 lingone
704 1702 873 1766 obiurgante,

86 1780 204 1826 ceteram
222 1780 286 1842 post
303 1791 407 1842 pancos
426 1776 641 1843 dies-scripsisse
655 1773 775 1836 senatui,
794 1773 872 1824 atde
905 1797 908 1800 ·

84 1862 175 1914 poena
184 1847 300 1900 Paeonii
310 1865 391 1916 qaam
402 1851 521 1917 primam
529 1853 668 1900 statueret.

139 1919 227 1973 LXll.
246 1922 330 1974 Auxit
339 1924 508 1992 intenditque
523 1922 679 1984 saevitiam,
694 1921 873 1974 exacerbatus

83 1993 188 2048 indicio
200 1995 233 2047 de
248 2003 335 2049 morte
349 1997 401 2048 lilii
415 1997 459 2048 ani
468 1997 564 2047 Danai:
585 2009 664 2060 quem
679 2008 761 2061 quum
775 1996 873 2047 morbo

85 2067 332 2137 etintemperantia
342 2071 445 2138 perisse
460 2069 640 2132 existimaret,
660 2075 692 2118 ut
705 2067 814 2119 tandem
829 2083 873 2120 ve·

84 2156 155 2195 neno
170 2143 362 2212 interemptum
374 2143 471 2196 fraude
485 2141 603 2193 Liuillae
619 2143 716 2194 uxoria
731 2147 813 2211 atque
828 2141 874 2194 Se-

83 2215 144 2270 iani
154 2219 384 2286 cognovitneque
393 2217 535 2268 tormentis
544 2231 632 2285 neque
642 2215 874 2286 supplicionuins·

85 2304 168 2356 quam
181 2293 315 2357 pepercit3
336 2291 391 2344 soli
404 2289 467 2342 huic
480 2291 633 2358 'cognitioni
647 2291 717 2344 adeo
731 2305 780 2358 per
798 2299 875 2344 totos

86 2363 146 2414 dies
161 2363 269 2415 deditus
288 2372 315 2416 et
328 2359 464 2428 intentae,
483 2371 515 2416 ut
527 2361 711 2418 Rhodiensem
730 2364 876 2434 hospitem,

87 2449 167 2500 quem
177 2434 361 2500 familiaribus
371 2439 458 2490 literis
464 2437 579 2490 Romam
589 2439 877 2504 evocarat,advenisse

87 2508 141 2558 sibi
160 2511 331 2573 nuncianum,
350 2514 475 2577 torqueri
488 2515 547 2565 sine
560 2529 640 2566 mora
652 2513 775 2574 iusserit,
797 2514 878 2579 quasi

34 2585 53 2656 Ι·
87 2581 189 2649 aliquis
200 2595 234 2633 ex
242 2584 405 2634 necessariis
419 2588 576 2652 quaestioni
586 2587 706 2650 adesset5
726 2584 824 2638 deinde
835 2601 875 2639 et·
