1992 2962
147 147 198 205 aas
257 199 261 206 ,
424 149 452 196 ο.
475 147 659 198 susronrr
990 209 991 222 1

147 274 270 326 imbutus
282 277 312 324 et
324 271 443 335 musica,
458 271 554 322 stetim
564 276 597 323 ut
605 270 750 339 imperium
760 267 878 337 adeptus
889 275 950 337 est,

147 348 286 414 Terpnum
298 344 500 410 citharoedum,
514 346 650 413 rigentem
658 351 725 396 tunc
734 351 843 413 praeter
855 344 948 410 alios,

100 433 109 442 ’
148 419 294 482 accersitu
314 418 463 486 diebusque
479 419 616 471 continuis
629 424 818 486 postcoeuam
830 421 949 471 canenti

145 496 176 547 iu
188 494 303 546 mmmm
316 499 424 545 noctem
440 493 576 558 assidens,
591 493 736 562 paullatim
747 494 843 560 etipse
854 493 946 544 medl-

145 569 202 620 tarl
210 567 385 635 exercerique
395 568 494 635 coepit,
501 583 587 634 neque
597 581 691 620 eorum
702 569 849 636 quicquam
860 567 946 618 omit·

88 659 92 666 “
146 649 217 706 tere,
231 655 308 710 ,quae
327 642 434 709 generis
454 642 513 692 eius
533 642 653 693 artifices
671 641 716 693 rel
736 641 946 694 conservandae

146 717 225 768 vocis
239 729 323 768 causa
335 715 381 768 rel
394 715 535 782 augendae
545 715 711 770 lectitarent
751 715 805 768 Sed
816 721 844 767 et
852 715 945 782 plum-

146 790 227 842 beam
237 787 361 840 martam
374 790 487 857 supinus
502 795 613 856 pectore
624 791 771 854 sustinere,
783 795 811 841 et
821 789 945 856 clystere

146 863 306 930 vomituque
320 863 446 932 purgari,
457 869 485 914 et
499 864 635 916 abstinere
645 864 736 932 pomis
747 864 870 931 cibisque
882 865 943 936 olii-¹

149 937 296 1001 cientibus,
326 937 414 988 donec
441 936 598 989 blandiente
620 937 748 1005 prolecto
770 941 945 1006 (qumquam

149 1011 265 1078 exiguae
274 1011 384 1063 vodset
392 1009 499 1075 tuscas)
510 1011 621 1079 prodire
630 1012 660 1064 in
670 1012 944 1078 scenamconcnpiit,

149 1083 265 1138 subinde
283 1084 356 1136 inter
374 1084 526 1137 familiares
547 1084 683 1138 Graecum
705 1085 882 1154 proverbium
900 1085 944 1135 ia·

150 1165 241 1222 cesus,
262 1159 380 1212 occultae
399 1159 513 1210 musicae
532 1159 697 1211 eudemone
709 1167 863 1226 respectum.
907 1158 945 1210 Et

149 1233 256 1304 prodiit
274 1232 394 1302 Neapoli
412 1234 548 1301 primnm3
573 1249 607 1285 ac
624 1249 659 1286 ne
677 1249 811 1285 concusso
831 1232 945 1299 quidem

150 1313 262 1374 repente
280 1313 358 1360 motu
375 1313 466 1359 terrae
484 1305 593 1359 theatro
614 1313 677 1359 ante
692 1313 804 1359 cantare
823 1306 944 1372 destitit,

152 1393 235 1448 quam
249 1379 407 1433 lncboatum
422 1381 577 1434 absolveret
591 1377 680 1439 νόμον.
718 1379 823 1434 lbidcm
832 1380 945 1448 saepius

151 1459 180 1506 et
189 1468 239 1521 per
249 1455 403 1523 complures
413 1457 535 1507 cantavit
544 1456 603 1507 dies
615 1471 622 1504 ε
642 1461 750 1524 sumpto
761 1455 845 1506 etiam
856 1455 891 1504 ad
901 1469 944 1505 re·

151 1527 407 1586 delendamaocem
421 1530 498 1581 brevi
511 1538 647 1597 tempore,
661 1530 807 1596 impatiens
817 1529 916 1587 secreti
927 1543 945 1578 a

151 1601 269 1654 balineis
283 1603 312 1653 in
324 1601 462 1654 theatrum
475 1604 598 1667 transiit,
610 1603 754 1673 mediaque
763 1603 792 1654 in
803 1600 945 1669 orchestra

151 1673 294 1744 frequente
304 1676 407 1743 populo
419 1676 554 1744 epulatus,
564 1675 713 1743 sipaultum
723 1675 882 1737 rabbitisset,
894 1674 943 1727 uli·

152 1749 217 1816 quid
228 1765 256 1800 se
270 1748 382 1820 aessens·
395 1749 565 1812 tinniturum,
581 1749 689 1803 Graeco
704 1765 829 1803 sermone
841 1750 944 1818 promi·

152 1824 199 1876 sit.
238 1823 340 1891 Captus
355 1829 446 1877 autem
460 1823 610 1876 modulatis
623 1824 871 1892 Alexandrinorum
884 1823 944 1876 lau·

152 1897 325 1962 dationibus,
345 1899 394 1967 qul
413 1897 447 1950 de
465 1913 539 1950 novo
560 1905 714 1950 commeatu
727 1897 865 1966 Neapoliu
880 1912 944 1948 con-

151 1972 299 2037 fluxerant,
318 1972 410 2041 plures
429 1971 596 2024 Alexandria
615 1974 748 2024 evocarit.
796 1971 890 2040 Neque
909 1986 943 2024 eo

152 2047 265 2114 segulru
284 2046 471 2099 adolescentes
491 2046 625 2114 equestris
646 2047 752 2099 ordinis
775 2052 803 2098 et
826 2045 944 2113 qrrlnque

154 2121 272 2189 amplius
285 2121 374 2172 millia
388 2137 403 2172 e
416 2120 496 2187 plebe
505 2121 715 2174 robustissimae
733 2120 882 2172 iuventutis
894 2133 944 2170 un·

154 2193 236 2262 dique
246 2195 337 2264 elegit,
348 2194 396 2264 qui
406 2195 489 2245 divisi
497 2195 527 2246 in
536 2193 680 2258 factiones,
691 2195 835 2260 plausuum
846 2207 945 2260 genera

155 2269 351 2334 condiscerent,
363 2267 479 2332 (bombos
493 2275 520 2320 et
528 2267 649 2322 imbrices
659 2274 686 2320 et
697 2277 777 2320 testes
786 2268 943 2343 vocabant),

155 2355 329 2410 operamque,
335 2349 468 2394 navarent
482 2343 605 2394 cantanti
614 2343 682 2407 sibi,
692 2343 814 2410 insigues
825 2341 944 2409 pinguls·

154 2415 225 2465 mma
239 2429 318 2467 coma
332 2422 360 2468 et
373 2416 601 2469 excellentissimo
617 2417 692 2469 cultu
705 2417 797 2483 pueri,
817 2431 868 2468 nec
886 2415 944 2468 sine

155 2487 256 2538 mulo
267 2489 366 2541 laevis:
383 2505 498 2560 quorum
510 2490 592 2543 duces
603 2489 780 2558 quadragena
791 2489 878 2542 millia
887 2487 942 2542 HS.

155 2561 304 2614 merebant.

192 2633 267 2688 xxt
288 2633 377 2698 enum
387 2637 481 2705 magni
490 2638 650 2691 aestimaret
659 2641 784 2704 cantare,
799 2638 882 2690 etiam
891 2635 944 2693 Ro·

991 781 993 818 l
