<?xml version="1.0" encoding="UTF-8"?>
<!DOCTYPE html PUBLIC "-//W3C//DTD XHTML 1.0 Transitional//EN"
    "http://www.w3.org/TR/xhtml1/DTD/xhtml1-transitional.dtd">
<html xmlns="http://www.w3.org/1999/xhtml" xml:lang="en" lang="en">
 <head>
  <title>
</title>
<meta http-equiv="Content-Type" content="text/html;charset=utf-8" />
  <meta name='ocr-system' content='tesseract 3.04.00' />
  <meta name='ocr-capabilities' content='ocr_page ocr_carea ocr_par ocr_line ocrx_word'/>
</head>
<body>
  <div class='ocr_page' id='page_1' title='image "./csuetoniitranqu00weisgoog_0226.png"; bbox 0 0 1992 2962; ppageno 0'>
   <div class='ocr_carea' id='block_1_1' title="bbox 108 107 628 162">
    <p class='ocr_par' dir='ltr' id='par_1_1' title="bbox 108 107 628 162">
     <span class='ocr_line' id='line_1_1' title="bbox 108 107 628 162; baseline -0.013 0"><span class='ocrx_word' id='word_1_1' title='bbox 108 111 158 162; x_wconf 77' lang='lat'>21²</span> <span class='ocrx_word' id='word_1_2' title='bbox 388 109 415 156; x_wconf 81' lang='lat' dir='ltr'>C.</span> <span class='ocrx_word' id='word_1_3' title='bbox 437 107 628 158; x_wconf 81' lang='lat' dir='ltr'>SUETONlI</span> 
     </span>
    </p>
   </div>
   <div class='ocr_carea' id='block_1_2' title="bbox 109 209 992 452">
    <p class='ocr_par' dir='ltr' id='par_1_2' title="bbox 109 209 992 452">
     <span class='ocr_line' id='line_1_2' title="bbox 110 209 992 300; baseline -0.008 -12"><span class='ocrx_word' id='word_1_4' title='bbox 110 233 251 288; x_wconf 83' lang='lat' dir='ltr'>eohortem</span> <span class='ocrx_word' id='word_1_5' title='bbox 261 232 413 299; x_wconf 83' lang='lat' dir='ltr'>alem,post</span> <span class='ocrx_word' id='word_1_6' title='bbox 423 231 494 284; x_wconf 78' lang='lat' dir='ltr'>alem</span> <span class='ocrx_word' id='word_1_7' title='bbox 504 232 674 284; x_wconf 68' lang='lat' dir='ltr'>tribunatum</span> <span class='ocrx_word' id='word_1_8' title='bbox 684 232 802 300; x_wconf 78' lang='lat' dir='ltr'>legionis</span> <span class='ocrx_word' id='word_1_9' title='bbox 812 233 904 298; x_wconf 75' lang='lat' dir='ltr'>daret3</span> <span class='ocrx_word' id='word_1_10' title='bbox 991 209 992 266; x_wconf 57' lang='grc' dir='ltr'><strong>ἶ</strong></span> 
     </span>
     <span class='ocr_line' id='line_1_3' title="bbox 109 307 946 378; baseline 0.002 -17"><span class='ocrx_word' id='word_1_11' title='bbox 109 308 300 378; x_wconf 86' lang='lat' dir='ltr'>stipendiaque</span> <span class='ocrx_word' id='word_1_12' title='bbox 310 307 443 371; x_wconf 85' lang='lat' dir='ltr'>instituit,</span> <span class='ocrx_word' id='word_1_13' title='bbox 455 313 482 358; x_wconf 90' lang='lat' dir='ltr'>et</span> <span class='ocrx_word' id='word_1_14' title='bbox 490 308 672 374; x_wconf 69' lang='lat' dir='ltr'>imaginariae</span> <span class='ocrx_word' id='word_1_15' title='bbox 682 307 799 362; x_wconf 81' lang='lat' dir='ltr'>militine</span> <span class='ocrx_word' id='word_1_16' title='bbox 808 323 904 376; x_wconf 82' lang='lat' dir='ltr'>genus,</span> <span class='ocrx_word' id='word_1_17' title='bbox 942 345 946 349; x_wconf 33' lang='lat' dir='ltr'>v</span> 
     </span>
     <span class='ocr_line' id='line_1_4' title="bbox 110 381 904 452; baseline 0.003 -17"><span class='ocrx_word' id='word_1_18' title='bbox 110 383 186 452; x_wconf 74' lang='lat' dir='ltr'>quod</span> <span class='ocrx_word' id='word_1_19' title='bbox 195 389 311 434; x_wconf 81' lang='lat' dir='ltr'>vocatur</span> <span class='ocrx_word' id='word_1_20' title='bbox 322 381 406 448; x_wconf 74' lang='lat' dir='ltr'>Super</span> <span class='ocrx_word' id='word_1_21' title='bbox 414 397 558 443; x_wconf 76' lang='lat' dir='ltr'>numeram,</span> <span class='ocrx_word' id='word_1_22' title='bbox 571 397 625 448; x_wconf 87' lang='lat' dir='ltr'>quo</span> <span class='ocrx_word' id='word_1_23' title='bbox 637 383 772 446; x_wconf 81' lang='lat' dir='ltr'>absentes,</span> <span class='ocrx_word' id='word_1_24' title='bbox 782 389 811 434; x_wconf 87' lang='lat' dir='ltr'>et</span> <span class='ocrx_word' id='word_1_25' title='bbox 820 384 904 438; x_wconf 87' lang='lat' dir='ltr'>titulo</span> 
     </span>
    </p>
   </div>
   <div class='ocr_carea' id='block_1_3' title="bbox 109 455 990 525">
    <p class='ocr_par' dir='ltr' id='par_1_3' title="bbox 109 455 990 525">
     <span class='ocr_line' id='line_1_5' title="bbox 109 455 990 525; baseline -0.002 -16"><span class='ocrx_word' id='word_1_26' title='bbox 109 465 201 521; x_wconf 82' lang='lat' dir='ltr'>tenus,</span> <span class='ocrx_word' id='word_1_27' title='bbox 215 456 401 523; x_wconf 76' lang='lat' dir='ltr'>fungerentur.</span> <span class='ocrx_word' id='word_1_28' title='bbox 438 455 542 506; x_wconf 79' lang='lat' dir='ltr'><strong>Milites</strong></span> <span class='ocrx_word' id='word_1_29' title='bbox 557 455 654 508; x_wconf 86' lang='lat' dir='ltr'>domos</span> <span class='ocrx_word' id='word_1_30' title='bbox 665 457 820 509; x_wconf 79' lang='lat' dir='ltr'>senatorias</span> <span class='ocrx_word' id='word_1_31' title='bbox 831 457 912 525; x_wconf 30' lang='lat' dir='ltr'>,solu--</span> <span class='ocrx_word' id='word_1_32' title='bbox 989 469 990 472; x_wconf 74' lang='grc'>’</span> 
     </span>
    </p>
   </div>
   <div class='ocr_carea' id='block_1_4' title="bbox 109 529 918 748">
    <p class='ocr_par' dir='ltr' id='par_1_4' title="bbox 109 529 918 748">
     <span class='ocr_line' id='line_1_6' title="bbox 109 529 904 598; baseline 0.003 -15"><span class='ocrx_word' id='word_1_33' title='bbox 109 531 189 584; x_wconf 85' lang='lat' dir='ltr'>tandi</span> <span class='ocrx_word' id='word_1_34' title='bbox 199 545 283 582; x_wconf 84' lang='lat' dir='ltr'>causa</span> <span class='ocrx_word' id='word_1_35' title='bbox 292 529 408 596; x_wconf 76' lang='lat' dir='ltr'>ingredi,</span> <span class='ocrx_word' id='word_1_36' title='bbox 419 529 502 580; x_wconf 87' lang='lat' dir='ltr'>etiam</span> <span class='ocrx_word' id='word_1_37' title='bbox 512 535 620 595; x_wconf 86' lang='lat' dir='ltr'>patrum</span> <span class='ocrx_word' id='word_1_38' title='bbox 632 530 741 581; x_wconf 85' lang='lat' dir='ltr'>decreto</span> <span class='ocrx_word' id='word_1_39' title='bbox 752 529 904 598; x_wconf 81' lang='lat' dir='ltr'><strong>prohibuit.</strong></span> 
     </span>
     <span class='ocr_line' id='line_1_7' title="bbox 110 603 905 672; baseline -0.001 -15"><span class='ocrx_word' id='word_1_40' title='bbox 110 605 282 668; x_wconf 70' lang='lat' dir='ltr'>libertinos,</span> <span class='ocrx_word' id='word_1_41' title='bbox 303 605 395 672; x_wconf 87' lang='lat' dir='ltr'>quise</span> <span class='ocrx_word' id='word_1_42' title='bbox 409 618 459 670; x_wconf 88' lang='lat' dir='ltr'>pro</span> <span class='ocrx_word' id='word_1_43' title='bbox 480 603 618 671; x_wconf 86' lang='lat' dir='ltr'>equitibus</span> <span class='ocrx_word' id='word_1_44' title='bbox 632 603 765 656; x_wconf 86' lang='lat' dir='ltr'>Romanis</span> <span class='ocrx_word' id='word_1_45' title='bbox 783 612 905 672; x_wconf 76' lang='lat' dir='ltr'>agerent,</span> 
     </span>
     <span class='ocr_line' id='line_1_8' title="bbox 110 677 918 748; baseline -0.002 -17"><span class='ocrx_word' id='word_1_46' title='bbox 110 679 271 748; x_wconf 70' lang='lat' dir='ltr'>publicavit}</span> <span class='ocrx_word' id='word_1_47' title='bbox 300 677 436 744; x_wconf 80' lang='lat' dir='ltr'>lngretos,</span> <span class='ocrx_word' id='word_1_48' title='bbox 447 677 517 728; x_wconf 87' lang='lat' dir='ltr'>etde</span> <span class='ocrx_word' id='word_1_49' title='bbox 528 678 628 746; x_wconf 85' lang='lat' dir='ltr'>quibus</span> <span class='ocrx_word' id='word_1_50' title='bbox 637 679 750 746; x_wconf 86' lang='lat' dir='ltr'>patroni</span> <span class='ocrx_word' id='word_1_51' title='bbox 760 693 918 746; x_wconf 75' lang='lat' dir='ltr'>quererem.</span> 
     </span>
    </p>
   </div>
   <div class='ocr_carea' id='block_1_5' title="bbox 110 751 992 1042">
    <p class='ocr_par' dir='ltr' id='par_1_5' title="bbox 110 751 992 1042">
     <span class='ocr_line' id='line_1_9' title="bbox 110 751 992 824; baseline -0.002 -20"><span class='ocrx_word' id='word_1_52' title='bbox 110 764 168 817; x_wconf 84' lang='lat' dir='ltr'>tur,</span> <span class='ocrx_word' id='word_1_53' title='bbox 188 751 329 804; x_wconf 84' lang='lat' dir='ltr'>revocarit</span> <span class='ocrx_word' id='word_1_54' title='bbox 347 752 376 804; x_wconf 87' lang='lat' dir='ltr'>in</span> <span class='ocrx_word' id='word_1_55' title='bbox 395 751 566 824; x_wconf 76' lang='lat' dir='ltr'>serviurtem3</span> <span class='ocrx_word' id='word_1_56' title='bbox 591 751 788 820; x_wconf 79' lang='lat' dir='ltr'>advocatisque</span> <span class='ocrx_word' id='word_1_57' title='bbox 809 768 906 807; x_wconf 86' lang='lat' dir='ltr'>eorum</span> <span class='ocrx_word' id='word_1_58' title='bbox 988 779 992 802; x_wconf 58' lang='lat' dir='ltr'>s</span> 
     </span>
     <span class='ocr_line' id='line_1_10' title="bbox 110 825 992 896; baseline 0.002 -16"><span class='ocrx_word' id='word_1_59' title='bbox 110 828 232 896; x_wconf 79' lang='lat' dir='ltr'>negarit,</span> <span class='ocrx_word' id='word_1_60' title='bbox 253 841 282 877; x_wconf 82' lang='lat' dir='ltr'>se</span> <span class='ocrx_word' id='word_1_61' title='bbox 298 825 427 880; x_wconf 78' lang='lat' dir='ltr'>adversas</span> <span class='ocrx_word' id='word_1_62' title='bbox 441 825 555 877; x_wconf 86' lang='lat' dir='ltr'>libertos</span> <span class='ocrx_word' id='word_1_63' title='bbox 568 826 692 893; x_wconf 89' lang='lat' dir='ltr'>ipsorum</span> <span class='ocrx_word' id='word_1_64' title='bbox 702 827 746 880; x_wconf 87' lang='lat' dir='ltr'>ius</span> <span class='ocrx_word' id='word_1_65' title='bbox 757 826 904 882; x_wconf 82' lang='lat' dir='ltr'>dicturum.</span> <span class='ocrx_word' id='word_1_66' title='bbox 991 873 992 896; x_wconf 75' lang='lat'>,</span> 
     </span>
     <span class='ocr_line' id='line_1_11' title="bbox 112 898 992 969; baseline 0.001 -15"><span class='ocrx_word' id='word_1_67' title='bbox 112 903 202 964; x_wconf 78' lang='lat' dir='ltr'>Quum</span> <span class='ocrx_word' id='word_1_68' title='bbox 216 899 329 969; x_wconf 84' lang='lat' dir='ltr'>qnidam</span> <span class='ocrx_word' id='word_1_69' title='bbox 344 913 428 968; x_wconf 73' lang='lat' dir='ltr'>aegra</span> <span class='ocrx_word' id='word_1_70' title='bbox 441 905 468 952; x_wconf 88' lang='lat' dir='ltr'>et</span> <span class='ocrx_word' id='word_1_71' title='bbox 483 898 583 953; x_wconf 84' lang='lat' dir='ltr'>effecta</span> <span class='ocrx_word' id='word_1_72' title='bbox 596 899 905 969; x_wconf 79' lang='lat' dir='ltr'>mancipioiuinsulem</span> <span class='ocrx_word' id='word_1_73' title='bbox 938 917 940 920; x_wconf 90' lang='lat'>·</span> <span class='ocrx_word' id='word_1_74' title='bbox 991 903 992 922; x_wconf 67' lang='lat'>¹</span> 
     </span>
     <span class='ocr_line' id='line_1_12' title="bbox 110 973 992 1042; baseline 0 -14"><span class='ocrx_word' id='word_1_75' title='bbox 110 975 268 1042; x_wconf 75' lang='lat' dir='ltr'>Aesculapii</span> <span class='ocrx_word' id='word_1_76' title='bbox 275 974 370 1026; x_wconf 84' lang='lat' dir='ltr'>taedio</span> <span class='ocrx_word' id='word_1_77' title='bbox 386 973 513 1028; x_wconf 82' lang='lat' dir='ltr'>medendi</span> <span class='ocrx_word' id='word_1_78' title='bbox 526 981 704 1040; x_wconf 75' lang='lat' dir='ltr'>exponerent,</span> <span class='ocrx_word' id='word_1_79' title='bbox 726 989 834 1039; x_wconf 85' lang='lat' dir='ltr'>omnes,</span> <span class='ocrx_word' id='word_1_80' title='bbox 856 975 905 1042; x_wconf 84' lang='lat' dir='ltr'>qui</span> <span class='ocrx_word' id='word_1_81' title='bbox 991 1009 992 1018; x_wconf 26' lang='grc' dir='ltr'><strong>κ</strong></span> 
     </span>
    </p>
   </div>
   <div class='ocr_carea' id='block_1_6' title="bbox 110 1048 992 1266">
    <p class='ocr_par' dir='ltr' id='par_1_6' title="bbox 110 1048 992 1266">
     <span class='ocr_line' id='line_1_13' title="bbox 111 1048 992 1118; baseline 0.001 -15"><span class='ocrx_word' id='word_1_82' title='bbox 111 1054 319 1118; x_wconf 75' lang='lat' dir='ltr'>exponerennn,</span> <span class='ocrx_word' id='word_1_83' title='bbox 330 1049 432 1102; x_wconf 86' lang='lat' dir='ltr'>liberos</span> <span class='ocrx_word' id='word_1_84' title='bbox 443 1063 503 1100; x_wconf 81' lang='lat' dir='ltr'>asse</span> <span class='ocrx_word' id='word_1_85' title='bbox 513 1048 612 1114; x_wconf 79' lang='lat' dir='ltr'>sanxit,</span> <span class='ocrx_word' id='word_1_86' title='bbox 621 1063 672 1101; x_wconf 83' lang='lat' dir='ltr'>nec</span> <span class='ocrx_word' id='word_1_87' title='bbox 681 1048 771 1102; x_wconf 87' lang='lat' dir='ltr'>redire</span> <span class='ocrx_word' id='word_1_88' title='bbox 781 1050 811 1103; x_wconf 88' lang='lat' dir='ltr'>in</span> <span class='ocrx_word' id='word_1_89' title='bbox 821 1049 904 1104; x_wconf 88' lang='lat' dir='ltr'>ditio·</span> <span class='ocrx_word' id='word_1_90' title='bbox 991 1069 992 1114; x_wconf 33' lang='grc' dir='ltr'><strong>ᾗ</strong></span> 
     </span>
     <span class='ocr_line' id='line_1_14' title="bbox 110 1117 992 1190; baseline -0.001 -11"><span class='ocrx_word' id='word_1_91' title='bbox 110 1141 172 1180; x_wconf 88' lang='lat' dir='ltr'>nem</span> <span class='ocrx_word' id='word_1_92' title='bbox 187 1123 306 1187; x_wconf 90' lang='lat' dir='ltr'>domini,</span> <span class='ocrx_word' id='word_1_93' title='bbox 327 1123 352 1174; x_wconf 88' lang='lat' dir='ltr'>si</span> <span class='ocrx_word' id='word_1_94' title='bbox 366 1122 580 1176; x_wconf 72' lang='lat' dir='ltr'><strong>convaluissent:</strong></span> <span class='ocrx_word' id='word_1_95' title='bbox 605 1122 704 1188; x_wconf 86' lang='lat' dir='ltr'>quodsi</span> <span class='ocrx_word' id='word_1_96' title='bbox 724 1123 786 1190; x_wconf 85' lang='lat' dir='ltr'>quie</span> <span class='ocrx_word' id='word_1_97' title='bbox 805 1138 907 1178; x_wconf 81' lang='lat' dir='ltr'>necare</span> <span class='ocrx_word' id='word_1_98' title='bbox 991 1117 992 1134; x_wconf 58' lang='lat'>¹</span> 
     </span>
     <span class='ocr_line' id='line_1_15' title="bbox 111 1197 906 1266; baseline -0.001 -15"><span class='ocrx_word' id='word_1_99' title='bbox 111 1200 206 1252; x_wconf 82' lang='lat' dir='ltr'>mallet</span> <span class='ocrx_word' id='word_1_100' title='bbox 220 1213 396 1266; x_wconf 83' lang='lat' dir='ltr'>quemqnam,</span> <span class='ocrx_word' id='word_1_101' title='bbox 417 1211 498 1264; x_wconf 84' lang='lat' dir='ltr'>quam</span> <span class='ocrx_word' id='word_1_102' title='bbox 513 1209 662 1261; x_wconf 78' lang='lat' dir='ltr'>exponere,</span> <span class='ocrx_word' id='word_1_103' title='bbox 684 1197 776 1252; x_wconf 85' lang='lat' dir='ltr'>caedis</span> <span class='ocrx_word' id='word_1_104' title='bbox 791 1198 906 1251; x_wconf 86' lang='lat' dir='ltr'>crimine</span> 
     </span>
    </p>
   </div>
   <div class='ocr_carea' id='block_1_7' title="bbox 110 1269 992 1410">
    <p class='ocr_par' dir='ltr' id='par_1_7' title="bbox 110 1269 992 1410">
     <span class='ocr_line' id='line_1_16' title="bbox 110 1269 992 1340; baseline -0.002 -14"><span class='ocrx_word' id='word_1_105' title='bbox 110 1275 207 1326; x_wconf 87' lang='lat' dir='ltr'>teneri.</span> <span class='ocrx_word' id='word_1_106' title='bbox 245 1271 375 1324; x_wconf 82' lang='lat' dir='ltr'>Viatores</span> <span class='ocrx_word' id='word_1_107' title='bbox 384 1287 418 1324; x_wconf 89' lang='lat' dir='ltr'>ne</span> <span class='ocrx_word' id='word_1_108' title='bbox 428 1285 477 1338; x_wconf 85' lang='lat' dir='ltr'>per</span> <span class='ocrx_word' id='word_1_109' title='bbox 485 1269 584 1324; x_wconf 77' lang='lat' dir='ltr'>ltaliae</span> <span class='ocrx_word' id='word_1_110' title='bbox 595 1271 709 1338; x_wconf 84' lang='lat' dir='ltr'>oppide,</span> <span class='ocrx_word' id='word_1_111' title='bbox 730 1271 785 1324; x_wconf 84' lang='lat' dir='ltr'>nisi</span> <span class='ocrx_word' id='word_1_112' title='bbox 801 1277 905 1338; x_wconf 84' lang='lat' dir='ltr'>autpe-</span> <span class='ocrx_word' id='word_1_113' title='bbox 991 1283 992 1340; x_wconf 55' lang='lat' dir='ltr'>l</span> 
     </span>
     <span class='ocr_line' id='line_1_17' title="bbox 112 1345 992 1410; baseline -0.003 -10"><span class='ocrx_word' id='word_1_114' title='bbox 112 1349 201 1410; x_wconf 87' lang='lat' dir='ltr'>dibus,</span> <span class='ocrx_word' id='word_1_115' title='bbox 213 1353 261 1397; x_wconf 80' lang='lat' dir='ltr'>ant</span> <span class='ocrx_word' id='word_1_116' title='bbox 270 1347 402 1410; x_wconf 62' lang='lat' dir='ltr'>sellnent</span> <span class='ocrx_word' id='word_1_117' title='bbox 410 1345 509 1398; x_wconf 76' lang='lat' dir='ltr'>lectica</span> <span class='ocrx_word' id='word_1_118' title='bbox 517 1345 675 1408; x_wconf 85' lang='lat' dir='ltr'>transirent,</span> <span class='ocrx_word' id='word_1_119' title='bbox 685 1346 794 1399; x_wconf 86' lang='lat' dir='ltr'>monuit</span> <span class='ocrx_word' id='word_1_120' title='bbox 802 1345 904 1398; x_wconf 86' lang='lat' dir='ltr'>edicto.</span> <span class='ocrx_word' id='word_1_121' title='bbox 991 1355 992 1406; x_wconf 58' lang='lat' dir='ltr'>l</span> 
     </span>
    </p>
   </div>
   <div class='ocr_carea' id='block_1_8' title="bbox 111 1415 906 1713">
    <p class='ocr_par' dir='ltr' id='par_1_8' title="bbox 111 1415 906 1713">
     <span class='ocr_line' id='line_1_18' title="bbox 111 1415 905 1488; baseline -0.003 -14"><span class='ocrx_word' id='word_1_122' title='bbox 111 1420 235 1474; x_wconf 83' lang='lat' dir='ltr'>Puteolis</span> <span class='ocrx_word' id='word_1_123' title='bbox 246 1426 273 1472; x_wconf 87' lang='lat' dir='ltr'>et</span> <span class='ocrx_word' id='word_1_124' title='bbox 284 1420 378 1472; x_wconf 78' lang='lat' dir='ltr'>Ostiae</span> <span class='ocrx_word' id='word_1_125' title='bbox 392 1420 515 1488; x_wconf 82' lang='lat' dir='ltr'>singulus</span> <span class='ocrx_word' id='word_1_126' title='bbox 530 1415 658 1472; x_wconf 79' lang='lat' dir='ltr'>cohortes</span> <span class='ocrx_word' id='word_1_127' title='bbox 673 1419 709 1473; x_wconf 91' lang='lat' dir='ltr'>ad</span> <span class='ocrx_word' id='word_1_128' title='bbox 719 1419 853 1473; x_wconf 85' lang='lat' dir='ltr'>arcendos</span> <span class='ocrx_word' id='word_1_129' title='bbox 863 1421 905 1472; x_wconf 90' lang='lat' dir='ltr'>in·</span> 
     </span>
     <span class='ocr_line' id='line_1_19' title="bbox 112 1491 905 1562; baseline -0.003 -14"><span class='ocrx_word' id='word_1_130' title='bbox 112 1496 271 1548; x_wconf 87' lang='lat' dir='ltr'>cendiornm</span> <span class='ocrx_word' id='word_1_131' title='bbox 282 1510 361 1545; x_wconf 88' lang='lat' dir='ltr'>casus</span> <span class='ocrx_word' id='word_1_132' title='bbox 373 1493 529 1548; x_wconf 77' lang='lat' dir='ltr'>collocavit.</span> <span class='ocrx_word' id='word_1_133' title='bbox 558 1491 724 1562; x_wconf 79' lang='lat' dir='ltr'>Peregrinae</span> <span class='ocrx_word' id='word_1_134' title='bbox 735 1493 905 1550; x_wconf 85' lang='lat' dir='ltr'>conditionis</span> 
     </span>
     <span class='ocr_line' id='line_1_20' title="bbox 111 1567 906 1634; baseline -0.003 -12"><span class='ocrx_word' id='word_1_135' title='bbox 111 1569 235 1622; x_wconf 86' lang='lat' dir='ltr'>homines</span> <span class='ocrx_word' id='word_1_136' title='bbox 245 1569 332 1620; x_wconf 86' lang='lat' dir='ltr'>vetuit</span> <span class='ocrx_word' id='word_1_137' title='bbox 341 1583 474 1634; x_wconf 79' lang='lat' dir='ltr'>usurpare</span> <span class='ocrx_word' id='word_1_138' title='bbox 485 1567 610 1622; x_wconf 83' lang='lat' dir='ltr'>Romana</span> <span class='ocrx_word' id='word_1_139' title='bbox 623 1569 748 1631; x_wconf 82' lang='lat' dir='ltr'>nomine,</span> <span class='ocrx_word' id='word_1_140' title='bbox 769 1567 906 1622; x_wconf 77' lang='lat' dir='ltr'>duntaxat</span> 
     </span>
     <span class='ocr_line' id='line_1_21' title="bbox 111 1641 905 1713; baseline -0.003 -17"><span class='ocrx_word' id='word_1_141' title='bbox 111 1641 262 1713; x_wconf 84' lang='lat' dir='ltr'>gentilicis.</span> <span class='ocrx_word' id='word_1_142' title='bbox 301 1643 446 1694; x_wconf 81' lang='lat' dir='ltr'>Civitatem</span> <span class='ocrx_word' id='word_1_143' title='bbox 456 1641 608 1695; x_wconf 76' lang='lat' dir='ltr'>Romanam</span> <span class='ocrx_word' id='word_1_144' title='bbox 618 1643 905 1710; x_wconf 85' lang='lat' dir='ltr'>usurpantesincam·</span> 
     </span>
    </p>
   </div>
   <div class='ocr_carea' id='block_1_9' title="bbox 111 1715 992 1788">
    <p class='ocr_par' dir='ltr' id='par_1_9' title="bbox 111 1715 992 1788">
     <span class='ocr_line' id='line_1_22' title="bbox 111 1715 992 1788; baseline -0.005 -17"><span class='ocrx_word' id='word_1_145' title='bbox 111 1735 148 1788; x_wconf 88' lang='lat' dir='ltr'>po</span> <span class='ocrx_word' id='word_1_146' title='bbox 160 1719 304 1786; x_wconf 84' lang='lat' dir='ltr'>Esquilino</span> <span class='ocrx_word' id='word_1_147' title='bbox 315 1717 406 1768; x_wconf 86' lang='lat' dir='ltr'>securi</span> <span class='ocrx_word' id='word_1_148' title='bbox 419 1717 562 1784; x_wconf 72' lang='lat' dir='ltr'>percussit.</span> <span class='ocrx_word' id='word_1_149' title='bbox 600 1715 761 1772; x_wconf 75' lang='lat' dir='ltr'>Provinciae</span> <span class='ocrx_word' id='word_1_150' title='bbox 772 1715 906 1782; x_wconf 76' lang='lat' dir='ltr'>Achaiam</span> <span class='ocrx_word' id='word_1_151' title='bbox 991 1743 992 1750; x_wconf 24' lang='grc' dir='ltr'><strong>κ</strong></span> 
     </span>
    </p>
   </div>
   <div class='ocr_carea' id='block_1_10' title="bbox 112 1791 914 1932">
    <p class='ocr_par' dir='ltr' id='par_1_10' title="bbox 112 1791 914 1932">
     <span class='ocr_line' id='line_1_23' title="bbox 113 1791 914 1857; baseline -0.006 -10"><span class='ocrx_word' id='word_1_152' title='bbox 113 1802 141 1848; x_wconf 84' lang='lat' dir='ltr'>et</span> <span class='ocrx_word' id='word_1_153' title='bbox 149 1793 350 1854; x_wconf 74' lang='lat' dir='ltr'>Macedoniam,</span> <span class='ocrx_word' id='word_1_154' title='bbox 362 1805 430 1857; x_wconf 85' lang='lat' dir='ltr'>quea</span> <span class='ocrx_word' id='word_1_155' title='bbox 440 1791 568 1845; x_wconf 78' lang='lat' dir='ltr'>&#39;liberius</span> <span class='ocrx_word' id='word_1_156' title='bbox 579 1791 615 1843; x_wconf 84' lang='lat' dir='ltr'>nd</span> <span class='ocrx_word' id='word_1_157' title='bbox 625 1807 717 1844; x_wconf 83' lang='lat' dir='ltr'>euram</span> <span class='ocrx_word' id='word_1_158' title='bbox 728 1806 806 1844; x_wconf 84' lang='lat' dir='ltr'>susm</span> <span class='ocrx_word' id='word_1_159' title='bbox 815 1797 914 1853; x_wconf 76' lang='lat' dir='ltr'>trans-v</span> 
     </span>
     <span class='ocr_line' id='line_1_24' title="bbox 112 1863 905 1932; baseline -0.008 -10"><span class='ocrx_word' id='word_1_160' title='bbox 112 1870 222 1932; x_wconf 87' lang='lat' dir='ltr'>tulerat,</span> <span class='ocrx_word' id='word_1_161' title='bbox 233 1865 342 1919; x_wconf 86' lang='lat' dir='ltr'>senatui</span> <span class='ocrx_word' id='word_1_162' title='bbox 351 1865 480 1919; x_wconf 87' lang='lat' dir='ltr'>reddidit.</span> <span class='ocrx_word' id='word_1_163' title='bbox 509 1863 606 1932; x_wconf 82' lang='lat' dir='ltr'>Lyciis</span> <span class='ocrx_word' id='word_1_164' title='bbox 617 1867 653 1918; x_wconf 93' lang='lat' dir='ltr'>ob</span> <span class='ocrx_word' id='word_1_165' title='bbox 664 1865 821 1919; x_wconf 83' lang='lat' dir='ltr'>exitiabiles</span> <span class='ocrx_word' id='word_1_166' title='bbox 831 1866 905 1918; x_wconf 88' lang='lat' dir='ltr'>inter</span> 
     </span>
    </p>
   </div>
   <div class='ocr_carea' id='block_1_11' title="bbox 111 1939 992 2076">
    <p class='ocr_par' dir='ltr' id='par_1_11' title="bbox 111 1939 992 2076">
     <span class='ocr_line' id='line_1_25' title="bbox 113 1939 992 2007; baseline -0.01 -11"><span class='ocrx_word' id='word_1_167' title='bbox 113 1961 142 1996; x_wconf 87' lang='lat' dir='ltr'>ee</span> <span class='ocrx_word' id='word_1_168' title='bbox 153 1943 308 1996; x_wconf 80' lang='lat' dir='ltr'>discordiae</span> <span class='ocrx_word' id='word_1_169' title='bbox 321 1940 476 1992; x_wconf 88' lang='lat' dir='ltr'>libertatem</span> <span class='ocrx_word' id='word_1_170' title='bbox 492 1939 606 2002; x_wconf 79' lang='lat' dir='ltr'>ademit3</span> <span class='ocrx_word' id='word_1_171' title='bbox 626 1939 743 1992; x_wconf 86' lang='lat' dir='ltr'>Rhodiis</span> <span class='ocrx_word' id='word_1_172' title='bbox 759 1940 794 1992; x_wconf 90' lang='lat' dir='ltr'>ob</span> <span class='ocrx_word' id='word_1_173' title='bbox 809 1940 905 2007; x_wconf 89' lang='lat' dir='ltr'>poeni·</span> <span class='ocrx_word' id='word_1_174' title='bbox 991 1951 992 1956; x_wconf 53' lang='lat'>¹</span> 
     </span>
     <span class='ocr_line' id='line_1_26' title="bbox 111 2013 992 2076; baseline -0.009 -5"><span class='ocrx_word' id='word_1_175' title='bbox 111 2019 225 2071; x_wconf 84' lang='lat' dir='ltr'>tentiam</span> <span class='ocrx_word' id='word_1_176' title='bbox 254 2023 376 2070; x_wconf 85' lang='lat' dir='ltr'>veterum</span> <span class='ocrx_word' id='word_1_177' title='bbox 400 2014 562 2066; x_wconf 84' lang='lat' dir='ltr'>delictorum</span> <span class='ocrx_word' id='word_1_178' title='bbox 581 2014 710 2066; x_wconf 85' lang='lat' dir='ltr'>reddidit.</span> <span class='ocrx_word' id='word_1_179' title='bbox 748 2013 904 2076; x_wconf 86' lang='lat' dir='ltr'>iliensibus,</span> <span class='ocrx_word' id='word_1_180' title='bbox 991 2033 992 2038; x_wconf 45' lang='lat'>¹</span> 
     </span>
    </p>
   </div>
   <div class='ocr_carea' id='block_1_12' title="bbox 113 2088 905 2163">
    <p class='ocr_par' dir='ltr' id='par_1_12' title="bbox 113 2088 905 2163">
     <span class='ocr_line' id='line_1_27' title="bbox 113 2088 905 2163; baseline -0.008 -19"><span class='ocrx_word' id='word_1_181' title='bbox 113 2095 193 2163; x_wconf 84' lang='lat' dir='ltr'>qnasi</span> <span class='ocrx_word' id='word_1_182' title='bbox 202 2092 343 2144; x_wconf 86' lang='lat' dir='ltr'>Romanae</span> <span class='ocrx_word' id='word_1_183' title='bbox 353 2090 441 2157; x_wconf 80' lang='lat' dir='ltr'>gentis</span> <span class='ocrx_word' id='word_1_184' title='bbox 453 2088 625 2152; x_wconf 79' lang='lat' dir='ltr'>auctoribus,</span> <span class='ocrx_word' id='word_1_185' title='bbox 646 2089 751 2140; x_wconf 85' lang='lat' dir='ltr'>tributa</span> <span class='ocrx_word' id='word_1_186' title='bbox 765 2088 795 2138; x_wconf 87' lang='lat' dir='ltr'>in</span> <span class='ocrx_word' id='word_1_187' title='bbox 809 2103 905 2155; x_wconf 84' lang='lat' dir='ltr'>perpe·</span> 
     </span>
    </p>
   </div>
   <div class='ocr_carea' id='block_1_13' title="bbox 111 2161 992 2452">
    <p class='ocr_par' dir='ltr' id='par_1_13' title="bbox 111 2161 992 2452">
     <span class='ocr_line' id='line_1_28' title="bbox 111 2161 988 2228; baseline -0.015 -8"><span class='ocrx_word' id='word_1_188' title='bbox 111 2175 188 2220; x_wconf 90' lang='lat' dir='ltr'>tuum</span> <span class='ocrx_word' id='word_1_189' title='bbox 199 2161 312 2228; x_wconf 80' lang='lat' dir='ltr'>remisit,</span> <span class='ocrx_word' id='word_1_190' title='bbox 323 2165 440 2218; x_wconf 87' lang='lat' dir='ltr'>recitata</span> <span class='ocrx_word' id='word_1_191' title='bbox 449 2167 539 2214; x_wconf 87' lang='lat' dir='ltr'>vetere</span> <span class='ocrx_word' id='word_1_192' title='bbox 550 2161 782 2228; x_wconf 83' lang='lat' dir='ltr'>epistolaGraeca</span> <span class='ocrx_word' id='word_1_193' title='bbox 791 2168 907 2216; x_wconf 86' lang='lat' dir='ltr'>senatus</span> <span class='ocrx_word' id='word_1_194' title='bbox 983 2197 988 2207; x_wconf 85' lang='lat'><strong><em>.</em></strong></span> 
     </span>
     <span class='ocr_line' id='line_1_29' title="bbox 111 2235 992 2316; baseline -0.01 -22"><span class='ocrx_word' id='word_1_195' title='bbox 111 2241 263 2310; x_wconf 83' lang='lat' dir='ltr'>populique</span> <span class='ocrx_word' id='word_1_196' title='bbox 273 2239 402 2302; x_wconf 87' lang='lat' dir='ltr'>Romani,</span> <span class='ocrx_word' id='word_1_197' title='bbox 424 2235 538 2290; x_wconf 83' lang='lat' dir='ltr'>Seleuco</span> <span class='ocrx_word' id='word_1_198' title='bbox 549 2237 609 2303; x_wconf 79' lang='lat' dir='ltr'>regi</span> <span class='ocrx_word' id='word_1_199' title='bbox 619 2237 769 2292; x_wconf 82' lang='lat' dir='ltr'>amicitiem</span> <span class='ocrx_word' id='word_1_200' title='bbox 779 2241 807 2290; x_wconf 91' lang='lat' dir='ltr'>et</span> <span class='ocrx_word' id='word_1_201' title='bbox 816 2235 906 2287; x_wconf 83' lang='lat' dir='ltr'>sceie-</span> <span class='ocrx_word' id='word_1_202' title='bbox 991 2255 992 2316; x_wconf 44' lang='lat'><em>3</em></span> 
     </span>
     <span class='ocr_line' id='line_1_30' title="bbox 111 2310 992 2382; baseline -0.008 -15"><span class='ocrx_word' id='word_1_203' title='bbox 111 2321 196 2367; x_wconf 79' lang='lat' dir='ltr'>tatem</span> <span class='ocrx_word' id='word_1_204' title='bbox 206 2315 247 2364; x_wconf 90' lang='lat' dir='ltr'>ita</span> <span class='ocrx_word' id='word_1_205' title='bbox 257 2313 364 2364; x_wconf 89' lang='lat' dir='ltr'>demum</span> <span class='ocrx_word' id='word_1_206' title='bbox 374 2310 543 2379; x_wconf 83' lang='lat' dir='ltr'>pollicentis,</span> <span class='ocrx_word' id='word_1_207' title='bbox 564 2311 589 2363; x_wconf 90' lang='lat' dir='ltr'>si</span> <span class='ocrx_word' id='word_1_208' title='bbox 602 2310 823 2378; x_wconf 74' lang='lat' dir='ltr'>consanguineos</span> <span class='ocrx_word' id='word_1_209' title='bbox 836 2323 906 2362; x_wconf 85' lang='lat' dir='ltr'>suos</span> <span class='ocrx_word' id='word_1_210' title='bbox 991 2353 992 2382; x_wconf 21' lang='grc' dir='ltr'>Ξ</span> 
     </span>
     <span class='ocr_line' id='line_1_31' title="bbox 111 2382 992 2452; baseline -0.009 -12"><span class='ocrx_word' id='word_1_211' title='bbox 111 2387 225 2440; x_wconf 85' lang='lat' dir='ltr'>Ilienses</span> <span class='ocrx_word' id='word_1_212' title='bbox 240 2387 276 2438; x_wconf 83' lang='lat' dir='ltr'>ab</span> <span class='ocrx_word' id='word_1_213' title='bbox 290 2387 365 2438; x_wconf 87' lang='lat' dir='ltr'>omni</span> <span class='ocrx_word' id='word_1_214' title='bbox 379 2400 461 2438; x_wconf 89' lang='lat' dir='ltr'>onere</span> <span class='ocrx_word' id='word_1_215' title='bbox 478 2384 612 2439; x_wconf 86' lang='lat' dir='ltr'>immunes</span> <span class='ocrx_word' id='word_1_216' title='bbox 631 2384 823 2452; x_wconf 85' lang='lat' dir='ltr'>praestitisset.</span> <span class='ocrx_word' id='word_1_217' title='bbox 861 2382 906 2433; x_wconf 91' lang='lat' dir='ltr'>lu·</span> <span class='ocrx_word' id='word_1_218' title='bbox 991 2429 992 2446; x_wconf 68' lang='lat'>,</span> 
     </span>
    </p>
   </div>
   <div class='ocr_carea' id='block_1_14' title="bbox 114 2455 906 2525">
    <p class='ocr_par' dir='ltr' id='par_1_14' title="bbox 114 2455 906 2525">
     <span class='ocr_line' id='line_1_32' title="bbox 114 2455 906 2525; baseline -0.004 -14"><span class='ocrx_word' id='word_1_219' title='bbox 114 2461 211 2522; x_wconf 85' lang='lat' dir='ltr'>daeos,</span> <span class='ocrx_word' id='word_1_220' title='bbox 221 2459 372 2525; x_wconf 88' lang='lat' dir='ltr'>impulsore</span> <span class='ocrx_word' id='word_1_221' title='bbox 383 2457 497 2510; x_wconf 84' lang='lat' dir='ltr'>Chresto</span> <span class='ocrx_word' id='word_1_222' title='bbox 509 2459 619 2514; x_wconf 78' lang='lat' dir='ltr'>assidue</span> <span class='ocrx_word' id='word_1_223' title='bbox 628 2458 838 2520; x_wconf 83' lang='lat' dir='ltr'>tumultuantes,</span> <span class='ocrx_word' id='word_1_224' title='bbox 849 2455 906 2508; x_wconf 87' lang='lat' dir='ltr'>Ro·</span> 
     </span>
    </p>
   </div>
   <div class='ocr_carea' id='block_1_15' title="bbox 112 2527 992 2604">
    <p class='ocr_par' dir='ltr' id='par_1_15' title="bbox 112 2527 992 2604">
     <span class='ocr_line' id='line_1_33' title="bbox 112 2527 992 2604; baseline -0.002 -20"><span class='ocrx_word' id='word_1_225' title='bbox 112 2549 159 2584; x_wconf 85' lang='lat' dir='ltr'>ma</span> <span class='ocrx_word' id='word_1_226' title='bbox 173 2531 287 2600; x_wconf 73' lang='lat' dir='ltr'>expulit,</span> <span class='ocrx_word' id='word_1_227' title='bbox 326 2531 524 2584; x_wconf 84' lang='lat' dir='ltr'>Germanorum</span> <span class='ocrx_word' id='word_1_228' title='bbox 539 2533 639 2604; x_wconf 83' lang='lat' dir='ltr'>legatis</span> <span class='ocrx_word' id='word_1_229' title='bbox 652 2534 681 2588; x_wconf 87' lang='lat' dir='ltr'>in</span> <span class='ocrx_word' id='word_1_230' title='bbox 701 2529 843 2587; x_wconf 74' lang='lat' dir='ltr'>orchestra</span> <span class='ocrx_word' id='word_1_231' title='bbox 863 2546 907 2584; x_wconf 82' lang='lat' dir='ltr'>se·</span> <span class='ocrx_word' id='word_1_232' title='bbox 933 2527 939 2532; x_wconf 62' lang='grc'>’</span> <span class='ocrx_word' id='word_1_233' title='bbox 991 2577 992 2582; x_wconf 75' lang='grc'>,</span> 
     </span>
    </p>
   </div>
   <div class='ocr_carea' id='block_1_16' title="bbox 114 2601 992 2672">
    <p class='ocr_par' dir='ltr' id='par_1_16' title="bbox 114 2601 992 2672">
     <span class='ocr_line' id='line_1_34' title="bbox 114 2601 992 2672; baseline 0 -16"><span class='ocrx_word' id='word_1_234' title='bbox 114 2606 177 2658; x_wconf 87' lang='lat' dir='ltr'>dere</span> <span class='ocrx_word' id='word_1_235' title='bbox 187 2605 324 2672; x_wconf 85' lang='lat' dir='ltr'>permisit,</span> <span class='ocrx_word' id='word_1_236' title='bbox 345 2605 521 2672; x_wconf 76' lang='lat' dir='ltr'>simplicitate</span> <span class='ocrx_word' id='word_1_237' title='bbox 535 2621 630 2660; x_wconf 83' lang='lat' dir='ltr'>comm</span> <span class='ocrx_word' id='word_1_238' title='bbox 645 2613 673 2663; x_wconf 90' lang='lat' dir='ltr'>et</span> <span class='ocrx_word' id='word_1_239' title='bbox 687 2605 789 2663; x_wconf 82' lang='lat' dir='ltr'>fiducia</span> <span class='ocrx_word' id='word_1_240' title='bbox 802 2611 905 2670; x_wconf 76' lang='lat' dir='ltr'>monis,</span> <span class='ocrx_word' id='word_1_241' title='bbox 991 2601 992 2624; x_wconf 66' lang='lat'>¹</span> 
     </span>
    </p>
   </div>
   <div class='ocr_carea' id='block_1_17' title="bbox 0 0 1004 2962">
    <p class='ocr_par' dir='ltr' id='par_1_17' title="bbox 0 0 1004 2962">
     <span class='ocr_line' id='line_1_35' title="bbox 0 0 1004 2962; baseline 0 0"><span class='ocrx_word' id='word_1_242' title='bbox 0 0 1004 2962; x_wconf 95' lang='lat' dir='ltr'> </span> 
     </span>
    </p>
   </div>
  </div>
 </body>
</html>
