1964 2970
146 105 281 154 IULIUS
306 103 459 152 causta.
495 105 710 172 GAsz2-bbf
793 105 827 181 29
887 146 889 160 .

37 233 95 284 anri
107 229 219 282 lnratns
238 243 254 280 e
269 225 421 294 Capitolio,
441 227 600 280 tantundem
618 230 740 282 inaurati
753 232 825 284 aeris

36 306 165 374 reposuit.
206 301 359 354 Societates
374 315 407 352 ae
420 315 505 368 regna
519 301 608 370 pretio
624 302 712 365 dedit3
731 307 824 372 utqui

35 378 246 430 nniPtolemaeo
257 391 344 443 prope
353 390 403 426 sex
412 375 501 426 millia
510 376 677 428 talentorum
686 375 822 430 suoPom·

37 455 139 520 peiique
150 451 262 502 nomine
274 449 426 502 abstulerit.
464 449 566 501 Postea
575 465 641 502 vero
653 450 822 503 evidentissi-

36 528 81 578 mis
90 526 201 592 rapinis
213 539 246 574 ae
256 523 409 590 saeiilegiis
423 529 450 574 et
461 537 545 575 onera
556 524 690 576 bellonam
701 526 821 577 civilium

37 597 270 666 eurumphomm
281 613 314 648 ao
323 607 464 648 muraenam
475 598 605 648 sustinuit
613 598 762 665 impendia.

85 673 145 725 LV.
157 671 325 738 Eloquentia
334 671 503 738 militarique
513 685 543 722 re
554 677 603 722 aut
613 673 822 740 aequavitprae'·

36 748 265 800 stantissimorum
274 745 401 811 gloriam,
412 751 461 796 aut
470 746 595 796 exoessit.
633 745 702 797 Post
712 761 822 799 aecusa-
847 755 850 770 ¹

36 823 134 874 tionem
144 818 311 870 Dolabellae
325 817 399 869 haud
413 817 496 869 dubie
514 820 683 886 principibus
697 823 823 888 petronis

38 899 228 946 annumeratus
238 897 289 944 est.
328 891 407 962 Certe
418 892 514 943 Gieero
526 893 561 950 ed
571 893 687 946 Brutum
698 902 823 948 oratores

37 983 208 1030 enumerans,
221 971 341 1032 negatae
350 965 445 1028 videre,
457 965 502 1017 eui
512 965 609 1018 Caesar
619 969 712 1021 delent
720 971 824 1022 cedere:

37 1043 199 1110 atqueatoue
210 1041 362 1108 elegantem,
369 1039 528 1106 splendidam
539 1057 646 1108 quoque,
654 1052 733 1109 atque
743 1043 824 1094 etiam

36 1115 203 1184 magnifieum
217 1123 244 1165 et
260 1129 416 1182 generorum
436 1115 622 1180 quodammodo
642 1117 772 1167 radonem
786 1115 824 1166 di·

36 1189 108 1242 rendi
117 1198 219 1240 tmere:
237 1193 265 1238 et
276 1187 311 1238 ad
322 1187 480 1239 Cornelium
490 1187 624 1255 Nepotem
635 1190 668 1240 de
679 1189 775 1241 eodem
785 1191 827 1240 ita'

35 1263 156 1330 scripsit:
189 1261 276 1324 Quia?
304 1259 535 1332 oratorum'puem
555 1261 620 1314 huie*
630 1271 769 1329 anteponet
784 1279 824 1314 eo·

34 1334 453 1403 rumqniaihe'loliudegerentl
487 1335 553 1400 Quis
562 1335 697 1388 sententiis
707 1345 756 1389 aut
764 1353 825 1390 aeu-
862 1333 865 1338 “

5 1431 6 1438 ’
34 1410 86 1463 tior
95 1419 145 1462 aut
154 1408 289 1462 crebrior?
315 1409 372 1474 prtia
382 1409 466 1460 verbio
476 1418 525 1462 aut
535 1409 654 1462 ornatior
664 1419 712 1463 aut
721 1413 824 1482 elegan-

33 1485 104 1536 tior?
141 1483 236 1536 Genus
256 1482 431 1550 eloquentiae
449 1483 584 1541 dumtaxat
603 1484 763 1538 adolescens
778 1488 825 1538 ad·

32 1558 85 1610 hnc
94 1557 242 1612 Strabonis
253 1557 380 1609 Caesaris
390 1565 498 1609 secutus
509 1558 629 1621 videtum
654 1561 732 1612 euius
741 1562 825 1612 etiam

31 1649 65 1685 ex
75 1634 219 1696 oratione,
234 1645 305 1699 quae
314 1632 475 1683 inscribitur
486 1632 541 1684 Pro
552 1633 655 1696 Sardis,
668 1635 825 1687 adverbum

30 1707 165 1758 nonnulla
173 1705 318 1758 transtulit
327 1706 356 1756 in
366 1704 571 1760 Divinationem
581 1723 668 1759 suam.
701 1707 824 1762 Pronun-

31 1783 121 1832 eieese
131 1787 225 1832 antem
236 1780 415 1832 dieiurrvoce
425 1786 518 1844 acuta,
531 1782 638 1834 ardenti
647 1787 724 1834 motu
733 1789 823 1849 gestu·
853 1797 859 1802 ·

30 1871 92 1922 que,
102 1870 161 1906 non
172 1856 232 1906 sine
241 1859 393 1905 venustate.
428 1855 574 1906 Orationes
586 1855 823 1924 aliquaspeliquit,
923 1867 926 1872 '

28 1929 102 1982 inter
117 1944 188 1998 quas
200 1934 303 1981 temere
323 1927 457 1995 quaedam
476 1927 608 1981 fenmtur.
647 1929 702 1980 Pro
719 1929 751 1993 Q.
768 1925 824 1978 Me·

29 2003 294 2056 tellononimmerito
299 2002 673 2071 Angusursexistimatmagis
684 2003 719 2054 ab
731 2007 823 2053 neura·

28 2079 79 2130 riis
100 2083 247 2144 exceptam
262 2074 339 2128 -male
359 2076 587 2144 subsequentibus
600 2078 685 2129 verba
699 2075 823 2138 dicentis,

30 2167 114 2218 quam
129 2152 165 2202 ab
182 2151 246 2218 ipso
265 2149 376 2201 editam.
414 2149 485 2202 Nam
504 2151 533 2202 in
553 2151 716 2218 quibusdam
736 2165 824 2202 exem·

28 2226 158 2296 pleribus
171 2225 283 2275 invenio
296 2239 331 2275 ne
344 2225 504 2294 inscriptam
520 2226 630 2292 quidem
640 2221 700 2282 ,Pro
710 2221 827 2288 Metella·

31 2300 78 2350 sed
89 2314 173 2366 mm
182 2297 289 2364 scripsit
297 2295 414 2359 Metello,
435 2313 517 2366 quum
527 2313 561 2350 ex
570 2313 689 2366 persona
700 2299 827 2352 caesaris

32 2387 121 2426 sermo
133 2373 185 2436 sit,
195 2371 337 2424 Metellum
348 2385 430 2438 seque
441 2372 571 2424 adversus
582 2374 765 2426 communium
776 2376 824 2427 ob-

32 2451 215 2498 trectatorum
239 2445 444 2498 criminationes
456 2447 619 2514 purgantis.
662 2447 741 2516 Apud
758 2448 825 2499 mili-

33 2527 70 2570 ter
88 2535 202 2589 qnoque
218 2519 248 2570 ia
262 2517 394 2586 Himam'a
410 2519 484 2572 idem
501 2521 639 2588 Augentum
658 2519 827 2588 [orationem

35 2595 107 2664 erae]
123 2594 275 2663 rix-ipsine
288 2597 379 2661 putat:
409 2608 479 2662 quae
498 2600 590 2648 tamen
609 2595 710 2662 duplex
727 2594 826 2646 sertum
