1986 2960
224 103 483 160 ocrsvrsuus.
519 109 598 156 cnr.
618 100 746 155 tro-sss
812 60 878 159 los
908 170 910 173 ,
935 78 940 83 ’

83 233 413 306 permutaueritrlenaria
422 232 497 284 data.
509 231 680 284 Observabat
690 236 718 282 et
727 231 786 282 dies
797 245 879 298 quos-

2 307 4 332 *
83 309 163 373 dam,
177 324 212 360 ne
226 315 275 360 aut
284 308 418 376 postridie
426 307 563 358 nundinas
574 319 713 373 quoquam
722 305 878 372 proticisce-

81 389 169 447 reon,
180 382 320 434 autNonis
332 383 478 450 quicquam
488 381 530 432 rei
539 380 629 430 seriae
638 376 794 440 inchoarct3
808 377 878 430 nihil

81 459 113 509 iu
123 455 177 508 hoc
187 456 296 524 quidem
307 455 383 506 aliud
394 455 527 518 devitans,
532 459 563 505 ut
573 453 609 504 ad
620 452 762 504 Tiberium
772 453 877 516 scribit,

82 527 461 602 quemdvceqotosnominis.

139 603 236 656 Xclll.
256 602 465 672 Peregrinarum
480 601 709 654 caerimoniarum
724 600 797 652 sicut
805 605 877 652 vete·

81 693 128 730 res
142 691 176 728 ac
188 683 349 749 praeceptas
363 675 582 729 reverentissime·
596 675 695 738 coluit,
716 675 757 725 ita
773 679 877 731 ceteras

81 752 253 820 contemptui
262 749 367 803 habuit.
390 750 515 819 Namque
525 747 637 800 Athenis
647 749 782 813 initiatus,
794 762 876 815 quum

80 831 182 894 postea
187 823 290 876 Romae
300 840 351 893 pro
362 825 495 879 tribunali
505 824 538 876 de
548 823 694 892 privilegio
701 821 877 874 sacerdotum

15 892 20 901 '
80 899 189 951 Atticae
200 899 307 952 Cereris
322 905 512 968 cognosceret,
533 897 713 966 etqnaedam
727 895 877 950 secretiora
966 935 973 950 .

2 982 3 985 ’
79 979 312 1043 proponerentur,
333 973 446 1025 dimisso
462 972 581 1026 concilio
596 977 624 1024 et
637 987 742 1024 corona
762 971 883 1024 circum·

81 1047 225 1112 stantium,
246 1046 323 1100 solus
333 1047 423 1100 audiit
433 1043 626 1116 disceptantes.
664 1046 699 1097 nt
713 1050 877 1097 cenuanon

1 1151 7 1168 ·
80 1121 165 1181 modo
175 1121 205 1172 in
215 1120 386 1189 peragranda
395 1123 521 1190 Aegypto
532 1118 627 1189 parrllo
638 1119 781 1171 deflectere
792 1118 828 1168 ud
836 1119 876 1169 vi·

79 1195 194 1248 sendum
204 1196 275 1264 Apin
285 1195 447 1263 supersedit,
458 1195 507 1247 sed
517 1195 654 1246 etCaium
657 1198 794 1260 nepotem,
801 1192 876 1262 qu'od

78 1269 210 1322 iudaeam
226 1268 443 1337 praetervehens
471 1267 545 1338 apud
569 1267 795 1336 iherosolymam
818 1281 878 1320 nou

79 1335 271 1413 supplicasset,
283 1343 461 1396 collaudavit.

134 1416 231 1470 xclv.
251 1417 288 1468 Et
296 1433 427 1486 quomam
439 1417 475 1468 ud
484 1413 538 1468 lroc
546 1420 657 1476 ventum
666 1421 722 1480 est
732 1429 789 1468 non
799 1415 834 1468 ab
844 1431 875 1468 re

2 1547 3 1552 χ
76 1491 164 1544 suerit
176 1492 348 1557 subtexere,
355 1507 425 1561 quae
444 1490 643 1558 eiprlusquam
656 1496 827 1554 nasceretur,
847 1495 876 1542 et

2 1567 3 1574 ’
43 1562 46 1565 ’
75 1567 141 1636 ipso
151 1565 240 1617 natslr
250 1565 295 1618 dre
305 1582 338 1617 oc
351 1567 480 1634 deinceps
495 1565 646 1629 evenerint,
666 1565 766 1633 quibus
779 1563 874 1616 futura

76 1639 241 1706 meguiurdo
253 1640 312 1694 cius
323 1647 351 1694 et
360 1645 493 1710 perpetua
501 1637 622 1692 felicitas
632 1640 740 1708 sperari
750 1637 873 1692 animad-

75 1714 316 1802 vertiqueposset.
353 1714 468 1767 Velitris
482 1714 635 1782 antiquitus
648 1719 724 1765 tactu
740 1713 774 1764 de
793 1711 873 1766 coelo

75 1792 158 1861 parte
167 1789 239 1839 ortui
247 1803 410 1856 responsum
420 1788 535 1852 esteiue
536 1783 676 1857 oppidi
653 1803 738 1840 crvem
750 1787 873 1855 quando·

77 1874 232 1929 quomrum
244 1862 411 1930 potrturnm
432 1877 487 1930 que
499 1861 754 1925 lidneraVehtnni
769 1866 874 1912 ettunc

79 1933 174 1986 statim
185 1939 212 1987 et
220 1942 317 2004 postca
331 1937 467 2006 saepius,
474 1951 561 2006 paene
571 1935 612 1988 ad
626 1935 740 1986 exitium
754 1935 798 1985 sni
812 1949 874 1988 cum

77 2007 182 2078 populo
196 2007 322 2062 Romano
336 2011 575 2080 belligeraverant.
615 2008 682 2062 Sere
698 2007 810 2060 tandem
824 2008 876 2082 do7¹
971 2025 974 2032 ·

77 2083 211 2135 tumentis
221 2085 358 2152 apperuit,
369 2090 506 2137 ostentum
515 2083 586 2136 illud
594 2081 711 2150 Augusti
720 2073 874 2151 potentiam

76 2157 259 2224 portendisse.
297 2158 548 2212 Auctorestlullus
557 2155 715 2221 Marathus,
736 2165 873 2224 anteport-

74 2245 132 2294 σω,
153 2247 232 2298 quom
246 2226 410 2296 acscmtur,
431 2248 530 2285 mcum
539 2230 694 2301 prodigioso
708 2229 809 2284 Romae
821 2231 892 2303 stt-1

72 2314 146 2358 etum
151 2305 265 2374 poetice,
278 2322 328 2372 pue
339 2306 554 2370 denuntiabatur,
565 2321 655 2376 regem
660 2304 874 2374 popmtflemant

71 2377 209 2433 Naturam
222 2380 370 2447 parturire.
413 2379 540 2432 Senatum
559 2378 714 2432 exterritum
733 2379 870 2443 cremitae,

69 2471 105 2508 nc
115 2452 175 2521 quis
184 2453 229 2506 illo
239 2453 425 2524 recognitus
434 2455 607 2508 educaretur.-
626 2469 677 2517 eos,
689 2454 737 2521 qui
743 2454 871 2524 gravidos

69 2544 168 2582 uxores
178 2527 318 2592 laederent,
331 2529 401 2597 quod
409 2528 446 2582 ad
452 2543 480 2580 te
490 2527 597 2595 quicque
607 2543 677 2594 rpem
688 2527 814 2591 helmet,
826 2544 870 2580 eu·

68 2619 158 2668 rcere,
179 2618 213 2656 nr
226 2611 338 2659 emetur
357 2603 502 2658 tumultum
515 2602 553 2656 cd
564 2600 698 2656 enodem
712 2601 869 2676 desmatur.
