1986 2960
253 141 446 192 rreuurus
475 143 555 190 ose.
573 145 690 191 as-ro.
716 107 737 142 “’
816 140 866 194 tta

11 311 13 332 ,
79 270 186 332 ceptor,
207 265 417 332 etprospexisse
427 266 530 332 primus
545 267 692 332 sagaciter,
712 269 740 316 et
753 265 866 316 assimu-

76 341 150 390 lasse
160 339 300 406 aptissime
308 339 384 390 risus
394 345 447 403 est,
468 339 583 392 subinde
593 340 623 390 in
637 337 807 406 obiurgando
819 353 866 404 ap-

75 411 183 484 pellens
197 423 257 462 eum
272 407 359 475 πηλὸν
374 407 469 470 αἵματι
486 411 708 479 συμπεφυρμένον.
747 409 801 464 Sed
815 411 867 463 ali·

77 490 180 553 quanto
194 485 282 552 magis
295 485 325 535 in
339 485 463 552 principe
476 487 574 550 eluxit,
595 488 678 539 etiam
690 486 762 538 inter
774 485 865 549 initia,

77 573 160 628 quum
171 556 259 610 adhuc
268 557 391 610 favorem
401 557 541 612 hominum
549 560 745 613 moderationi
750 559 864 610 assimu-

76 631 182 684 latione
191 637 323 698 captaret.
348 631 485 698 Scurram,
495 634 553 702 qui,
563 638 750 700 praetereunte
760 632 864 696 funere,

77 705 150 757 clare
159 711 268 758 mortuo
279 706 435 771 mandaret,
453 714 485 759 ut
493 709 636 759 nunciaret
644 708 780 774 Augusto,
800 721 864 758 aon·
906 739 909 742 -

76 778 331 849 dumredds'legata,
347 796 414 847 puae
420 780 492 848 plels'
499 779 656 847 reliquisset,
672 785 818 833 attractum
828 779 865 831 ad

9 853 13 938 f
75 867 119 916 se,
132 853 253 919 recipere
268 853 388 906 debitum
399 855 517 922 ducique
528 855 563 906 ad
574 855 737 922 supplicium
746 855 863 920 impera·

9 963 10 968 η
73 926 127 989 vit,
147 932 175 978 et
186 927 261 992 patri
274 941 324 979 suo
338 943 434 980 rerum
445 927 556 980 referre.
594 929 652 980 Nee
665 929 750 980 multo
761 927 864 994 portin

74 1004 171 1051 senatu
183 999 314 1066 Pompeio
334 1003 455 1065 cuidam,
475 1002 562 1069 equiti
575 1002 713 1065 Romano,
733 1001 863 1068 quiddam

72 1074 242 1140 perroganti,
254 1074 317 1126 dum
327 1076 438 1128 vincula
447 1076 580 1140 minatur,
592 1073 817 1144 affirmaritsore,
832 1081 864 1124 ut

72 1161 106 1198 ex
120 1144 244 1214 Pompeio
258 1145 432 1216 Porspes'anus
442 1147 543 1220 fimi,-
570 1150 669 1201 acerba
687 1147 863 1199 cavillatione

72 1220 155 1271 simul
164 1218 282 1272 hominis
292 1238 391 1275 nomen
400 1224 551 1287 incessens,
561 1229 732 1290 veteremque
743 1221 862 1288 partium
888 1285 898 1310 χ

71 1293 221 1346 fortunam.
542 1311 548 1324 ¹

127 1405 226 1460 LVlIl.
246 1407 302 1463 Sub
316 1410 390 1462 idem
408 1416 527 1478 tempus,
548 1409 707 1463 consulente
725 1415 862 1477 praetore,

7 1531 8 1534 ,
71 1497 107 1533 au
121 1481 226 1534 iudicia
239 1485 392 1536 maiestatis
407 1484 470 1552 cogi
483 1483 602 1548 inheret,
616 1483 787 1536 exercendas
802 1499 862 1536 esse

69 1554 145 1623 leges
163 1557 318 1623 respondit,
339 1566 367 1610 et
384 1558 556 1610 atrocissime
575 1558 705 1610 exercuit.
748 1557 862 1610 securae

70 1629 184 1696 quidam
193 1630 310 1698 Augusti
323 1637 406 1699 caput
418 1632 584 1698 dempserat,
603 1638 635 1682 ut
648 1631 761 1684 alterius
774 1633 861 1698 impo-

68 1708 156 1755 neret.
193 1703 262 1756 dcta
272 1721 315 1756 res
325 1706 355 1756 in
365 1713 470 1770 senatu,
482 1713 509 1758 et
519 1707 585 1773 quia
595 1706 797 1774 ambigebatur,
812 1720 861 1772 per

68 1781 207 1829 tormenta
217 1780 343 1846 quaesita
353 1785 403 1832 est.
436 1779 574 1833 Damnato
585 1795 642 1844 reo,
654 1779 796 1846 paullatim
808 1778 861 1830 hoc

7 1861 8 1864 ’
68 1863 155 1916 genus
167 1851 319 1904 calumniae
329 1869 362 1905 eo
374 1854 520 1920 processit,
540 1858 572 1905 ut
581 1852 649 1905 haec
662 1867 771 1920 quoque
786 1853 859 1918 capi·

68 1923 139 1975 talia
149 1932 250 1977 essent:
272 1927 346 1978 eirca
355 1927 471 1995 Augusti
484 1927 658 1978 simulacrum
673 1941 780 1978 serrum
791 1926 859 1976 ceci·

65 1995 157 2062 disse,
176 2000 338 2052 vestimenta
353 2008 483 2064 mutasse,
504 2015 613 2052 nummo
629 1998 674 2049 vel
687 1997 788 2050 annulo
803 1997 859 2050 eiti-

33 2067 41 2080 '
68 2071 142 2138 giem
151 2071 313 2140 impressam
327 2074 444 2126 latrinae
459 2079 507 2125 aut
519 2073 647 2139 lupanari
660 2071 799 2138 intulisse,
820 2071 860 2122 di-

70 2149 144 2197 ctum
157 2145 244 2198 ullum
258 2146 394 2200 factumve
407 2149 467 2199 eius
480 2147 684 2198 existimatione
698 2143 791 2211 aliqua
805 2143 860 2196 lae·

68 2218 148 2272 sisse.
187 2219 275 2272 Periit
285 2221 400 2288 denique
411 2229 437 2272 et
446 2222 484 2284 is,
505 2221 553 2290 qui
566 2219 698 2272 honorem
710 2218 740 2269 in
750 2216 862 2270 colonia

67 2307 123 2344 sua
132 2308 165 2346 eo
177 2293 222 2346 die
233 2293 342 2368 decerni
352 2295 406 2346 sibi
416 2309 513 2362 passus
524 2300 578 2359 est,
593 2307 648 2361 quo
659 2291 762 2345 decreti
771 2297 799 2344 et
807 2291 860 2344 Au·

63 2365 324 2433 praecurrerant

122 2471 197 2527 mx.
216 2474 307 2528 Multa
316 2479 470 2541 praeterea,
491 2473 581 2542 specie
595 2473 739 2541 gravitatis
753 2488 788 2526 sc
799 2487 857 2525 nro·

62 2561 126 2598 rum
137 2548 375 2616 corrigendorum,
395 2548 443 2600 sed
458 2554 486 2600 et
498 2549 586 2616 magis
596 2553 710 2601 naturae
720 2549 857 2613 obtempe-

62 2635 141 2686 rans,
151 2622 192 2674 ita
203 2637 283 2676 saeve
294 2629 322 2676 et
331 2623 465 2694 atrociter
473 2621 619 2688 factitavit,
624 2629 656 2674 ut
664 2621 790 2676 nonnulli
798 2635 857 2674 rer·

99 2713 246 2762 suasor.
627 2714 652 2761 Κ
