1992 2962
102 116 152 170 196
378 118 405 164 (3.
432 115 618 166 SUETONH
695 179 701 190 ·

101 242 164 308 ipso
175 239 232 304 die,
253 253 308 307 qno
323 239 439 306 primum
456 254 505 290 ara
514 239 556 291 ibi
565 239 686 306 diognito
703 235 831 290 dedicata
845 249 897 305 est,

97 313 310 384 appellatusque
320 313 448 366 Tiberius
460 312 591 364 Claudius
601 311 718 364 Drusus.
751 311 828 377 Mox,
841 313 896 366 fra·
981 361 984 386 ἦ

101 393 144 440 tre
153 389 259 439 maiore
268 389 297 439 in
306 387 404 440 iniiam
418 387 554 439 familiom
568 385 715 454 adoptato,
737 384 897 442 Germanici

103 476 255 528 cognomen
266 463 423 528 assumpsit
451 460 544 516 Infans
555 465 646 512 autem
655 459 768 512 relictus
779 468 894 530 epatre,

103 550 136 588 oc
149 551 198 603 per
213 551 292 587 omno
304 534 362 587 fere
376 535 511 602 pueritiae
522 540 603 602 atque
614 533 816 587 adolescentiae
826 541 894 587 tem·

102 624 154 678 pus
164 610 249 660 variis
259 615 287 660 et
295 609 437 660 tenacibus
448 609 552 660 morbis
563 606 736 660 condictatus
747 614 801 668 est3
822 608 893 661 adeo

101 689 146 746 ut,
161 683 253 737 eninm
267 683 391 734 simulet
405 697 521 749 corpore
535 680 677 745 hebetato,
697 696 732 733 ne
745 697 895 750 progressa

103 755 213 826 quidem
228 762 318 808 aetate
331 755 382 808 ulli
395 756 506 824 publico
518 756 662 824 privatave
675 757 783 808 mlmeri
792 755 895 809 habilis
983 803 985 812 ,

103 829 315 884 existimaretur.
353 829 422 893 Diu,
438 835 520 899 atque
530 830 612 881 ctiam
623 834 687 896 post
696 827 811 882 tutelam
820 846 895 883 rece·

103 909 191 973 ptam,
212 903 296 955 alieni
306 903 427 968 arbitrii,
445 909 476 962 ¹et
487 904 539 956 sub
553 903 715 972 paedagogo
726 902 793 970 fnit5
813 920 896 974 quem
985 915 986 974 ς

103 977 245 1030 barbarum
254 985 281 1029 et
290 975 351 1028 olim
359 976 634 1043 superiumentarium,
656 992 688 1029 ex
701 976 897 1032 {Mesomedi
985 977 986 980 ’

102 1051 336 1120 oppositumntcc
346 1051 539 1118 quibuscunque
549 1051 581 1102 de
589 1049 676 1104 counio
686 1066 765 1120 qaam
774 1052 894 1104 caecissi-

101 1139 142 1178 nse
152 1128 292 1187 coieceret,
312 1121 372 1192 ips'e
387 1124 507 1193 quodam
520 1125 615 1178 libello
626 1125 811 1194 conqueritur.
851 1127 894 1180 Ob

101 1197 173 1251 banc
192 1199 306 1252 eandem
325 1197 509 1252 valetudinem
528 1205 556 1252 ot
578 1198 746 1267 gladiatorio
770 1209 894 1266 mimere,

102 1272 814 1342 quodsimulcumfratrememoriaepatrisedebat‚
834 1273 894 1342 pal·

100 1347 215 1400 liclatsu
233 1363 306 1400 novo
326 1362 402 1400 more
422 1348 581 1416 praesedit„
592 1353 721 1414 sat-togae
734 1347 824 1401 virilis
840 1348 895 1412 die,

103 1421 176 1476 eirca
186 1421 304 1474 mediam
314 1427 435 1486 noctem,
457 1423 515 1476 sine
526 1421 653 1475 sollemni
668 1421 773 1483 officio,
793 1420 895 1476 lectica

100 1497 130 1548 in
141 1494 308 1561 Capitolium
319 1495 391 1547 latiis
401 1502 451 1548 est.
464 1489 471 1512 ⁸

157 1567 204 1620 111.
216 1568 378 1638 Disciplinis
388 1575 479 1622 tamon
489 1569 651 1622 liberalibus
662 1571 696 1622 ab
703 1574 793 1622 aetate
801 1571 894 1640 prima

102 1657 158 1696 non
169 1642 334 1694 mediocrem
345 1658 457 1710 operam
467 1643 555 1708 dedit,
567 1659 600 1696 oe
613 1659 696 1712 saepe
707 1645 895 1711 experimenta

103 1717 234 1783 cuiusque
254 1717 336 1768 etiam
355 1717 515 1784 publicavit.
553 1717 655 1770 Verum
674 1733 708 1770 ne
728 1719 895 1785 sicquidem

103 1791 249 1858 quiequam
260 1791 401 1858 dignitatis
412 1792 534 1859 assequi,
546 1798 594 1844 aut
604 1807 679 1860 spem
690 1792 724 1844 de
733 1808 763 1844 se
775 1808 894 1844 commo-

103 1865 209 1920 diorem
222 1866 251 1916 in
265 1871 404 1933 postorum
422 1864 513 1918 facere
531 1867 631 1933 potuit.
668 1865 760 1918 Mater
774 1867 896 1920 Antonia

99 1947 252 2007 portentum
270 1955 327 1992 eum
346 1938 458 1992 bominis
471 1939 629 2004 dictitabat,
649 1955 696 1992 aec
716 1940 863 1993 absolutum
877 1957 897 1993 a
986 1965 988 1980 ⁴

103 2022 210 2076 notura,
222 2014 269 2065 sed
278 2021 380 2066 tantam
390 2012 542 2066 inchoatum
545 2028 559 2075 ‚·
570 2030 611 2079 ac,
622 2015 737 2081 siquem
747 2013 896 2067 socordiae

105 2095 244 2154 argueret,
264 2087 409 2140 stultiorem
427 2088 520 2140 aiebat
525 2087 587 2158 fib'o
605 2103 652 2140 suo
668 2087 786 2140 Clondio
824 2088 896 2141 Avia

104 2161 228 2232 Angusta
241 2177 292 2229 pro
307 2161 512 2230 despectissimo
526 2177 633 2230 semper
646 2158 833 2215 babuit=⁶n0n
855 2160 896 2214 af-

104 2233 168 2297 fari,
178 2235 235 2286 nisi
243 2235 396 2298 rarissimu
411 2251 466 2288 non
477 2249 595 2300 monere,
606 2235 661 2291 nisi
670 2237 770 2288 acerbo
781 2229 809 2288 et
817 2235 896 2288 brevi

106 2309 219 2376 scripto,
231 2316 279 2360 out
288 2324 336 2376 per
345 2310 540 2375 internuncios,
552 2309 645 2362 solita.
684 2309 771 2363 Soror
780 2309 895 2375 ldviUo,

105 2397 188 2450 quum
208 2382 331 2433 audisset
349 2384 513 2452 quandoque
531 2379 742 2451 imperatorum,
765 2390 823 2436 tam
842 2381 896 2452 ini-

105 2468 187 2521 quam
198 2460 290 2505 ettam
300 2455 440 2522 indignam
456 2463 557 2509 sortem
567 2457 665 2525 populi
673 2457 793 2509 Romani
802 2457 898 2526 palam

104 2534 133 2578 et
143 2527 216 2580 clare
228 2526 361 2578 detestata
372 2536 421 2580 cst.
459 2530 530 2582 Nam
544 2535 574 2582 et
581 2531 731 2582 ammonius
741 2531 832 2582 maior
841 2530 896 2582 Au-

104 2607 200 2666 gustus
214 2598 280 2674 quid
295 2599 328 2652 de
343 2617 376 2652 eo
391 2602 420 2654 in
433 2609 694 2673 utramquepartem
710 2604 839 2671 opinatus
850 2605 896 2674 sit,
