1986 2960
217 61 472 114 ocusvlnNUs.
507 65 582 113 GAP.
601 68 716 114 68-71.
830 67 863 120 91

111 180 211 236 Ouinio
220 185 363 238 καταντία
372 194 435 238 tune
444 186 552 238 nemim
562 186 746 251 declinaretis
837 217 844 226 ·

148 256 236 327 Fugit
244 269 272 312 et
279 269 387 312 auratos
396 259 498 327 Iupiter
508 260 562 327 ipse
570 259 688 329 ptisanas.

65 330 157 382 Auxit
167 343 268 384 coenas
277 345 415 385 mmorem
424 348 530 384 summa
539 339 605 386 tunc
617 335 646 386 in
657 335 768 386 civitate
777 351 860 403 penu·
949 351 952 358 ·

65 405 113 455 ria
135 419 170 456 ac
187 404 287 470 iames3
317 405 551 474 acclamatumque
571 412 613 458 est
634 407 780 474 postridie,
794 409 859 480 fiu-

65 485 187 530 mentum
197 488 270 530 omne
280 479 501 532 deoscomedisse:
521 487 560 544 et,
573 479 796 547 Caesaremplaae
806 498 860 534 erse

66 550 229 618 Apollinem,
248 553 295 604 sel
314 551 468 614 Tortorem,⁴
491 563 553 621 quo¹
565 555 728 621 cognomine
746 555 772 606 is
792 556 858 608 deus

66 625 316 694 quadaminparte
324 626 407 679 Urbis
417 627 567 679 colebatur.
606 627 725 681 Notalus
740 633 782 678 est
792 634 819 680 et
827 636 859 680 ut

65 699 857 768 pretiosaesupellectilisCorinthiorumquepraeoupidus,

66 779 94 824 et
105 773 185 830 aleae
194 773 346 840 indulgens.
384 774 455 826 Nam
470 775 720 844 etprosoriptionis
734 780 858 843 tempore

67 845 104 896 ad
113 851 236 898 statuam
245 848 305 898 eius
315 847 483 917 adscriptum
493 854 546 900 est:
760 889 762 894 .

180 918 263 971 Pater
273 919 449 990 argentarius,
462 922 510 992 ige
522 921 730 976 Coriotliliiurr

66 1007 152 1060 quum
161 993 362 1047 existimaretur
372 997 506 1063 quosdam
511 993 627 1066 propter
635 1013 703 1050 vasa
714 995 857 1049 Corinthia

65 1068 139 1118 iuter
156 1065 328 1136 proscriptos
353 1085 463 1122 curasse
488 1070 654 1123 referendos.
695 1070 733 1121 Et
756 1070 856 1122 deinde

65 1139 140 1192 bello
152 1139 292 1206 Siciliensi
301 1143 468 1211 epigramma
477 1144 617 1210 uulgatum
627 1150 680 1195 est:

70 1244 73 1250 ·
135 1212 285 1280 Pompilius
295 1215 333 1266 bis
344 1209 424 1268 classe
432 1217 516 1269 sienis
526 1232 603 1268 ncces
609 1215 734 1282 pirdidil,

140 1287 289 1354 Aliquiudo
299 1289 435 1353 ululatui,
446 1289 625 1341 tullensium
635 1288 727 1340 ileum.

119 1360 220 1414 LXXI.
231 1362 274 1414 Ex
285 1364 383 1430 quibus
393 1364 450 1414 siue
462 1363 621 1418 criminibus
631 1363 688 1414 sive
698 1361 853 1416 maledictis

63 1433 206 1486 Mannum
224 1430 414 1505 impudicitiae
432 1435 563 1488 facillime
580 1435 710 1488 refutavit
729 1442 757 1488 et
775 1452 853 1503 prae-

64 1510 149 1562 sentis
168 1514 197 1561 et
213 1515 340 1576 posterae
353 1511 426 1563 ritae
441 1511 578 1563 castitates
601 1511 666 1562 item
681 1510 852 1562 lautitiarum

63 1582 219 1647 invidiam„
230 1599 314 1651 quum
328 1589 356 1635 et
364 1584 530 1636 Alexandria
540 1590 621 1652 capta
630 1583 700 1636 nihil
710 1585 765 1636 sibi
773 1599 852 1651 prac-

62 1663 105 1707 ter
117 1671 201 1706 unum
215 1655 384 1710 murrhinum
399 1659 511 1710 calicem
526 1672 559 1710 cx
577 1659 758 1710 instrumento
773 1658 851 1724 regio

61 1730 218 1796 retinuerit,
233 1736 260 1782 et
274 1745 341 1782 mox
347 1745 415 1782 vasa
425 1747 509 1783 aurea
519 1732 702 1784 assiduissImi
710 1745 777 1782 usus
788 1744 851 1783 oon·

63 1802 170 1856 flaverit
180 1805 281 1856 omnia.
321 1804 401 1856 Circa
414 1805 542 1857 libidines
556 1805 658 1857 haesit:
677 1811 852 1873 posteaque·

66 1891 126 1946 que,
137 1883 168 1929 nt
177 1875 276 1945 ierunt,
286 1878 323 1929 ad
331 1879 469 1931 uitiandas
478 1879 597 1946 uirginis
606 1877 770 1946 promptior,
782 1889 852 1943 quae

65 1952 118 2003 sibi
125 1951 256 2019 undique,
267 1953 349 2004 etlam
360 1952 395 2003 ab
404 1967 500 2016 uxore,
511 1952 743 2017 conquirerentur.
768 1948 852 2000 Aleae

65 2040 199 2078 rumorem
209 2025 286 2078 nullo
297 2026 380 2078 modo
392 2026 514 2092 expavit,
525 2025 644 2091 lusitque
654 2022 815 2089 simpliciter
824 2027 853 2074 et

63 2099 154 2165 palam
166 2099 359 2151 oblectamenti
369 2114 465 2163 eausa,
480 2099 668 2158 etiamsene13
689 2110 722 2146 ao
730 2101 852 2162 praeter-

64 2187 144 2240 quam
153 2173 300 2225 Decembri
309 2187 413 2237 mense,
428 2172 491 2224 aliis
502 2187 611 2239 quoque
620 2169 698 2221 iestis
707 2168 850 2236 protestis-

62 2261 113 2314 que
122 2247 230 2299 diebus.
267 2245 325 2298 Nec
333 2246 364 2298 id
378 2247 491 2298 dubium
505 2251 555 2297 est.
592 2240 771 2310 Autographa
784 2257 851 2310 qua-

63 2320 124 2372 dam
138 2320 270 2389 epistola,
286 2319 411 2384 Comani,
427 2321 480 2386 sit,
500 2317 538 2370 mi
554 2315 655 2380 liberi,
677 2327 735 2368 eam
749 2316 849 2370 iisdem

60 2391 234 2447 decesserunt
247 2393 368 2448 cencium
387 2391 506 2446 Vinicius
520 2401 547 2444 et
560 2388 639 2442 Silius
649 2399 737 2456 pater.
775 2389 852 2444 Inter

62 2483 166 2520 coenam
176 2467 284 2520 lusimus
293 2469 452 2534 γεροντικῶς,
463 2465 557 2518 etheri
566 2463 685 2517 elladio.
699 2463 773 2517 Talis
782 2463 852 2516 caim

60 2540 178 2605 memmi,
197 2550 231 2596 ut
248 2541 355 2612 quisque
369 2555 460 2595 canem
473 2538 664 2594 assessionem
681 2539 801 2600 munet,
822 2537 851 2590 io
909 2573 917 2580 -
